2874 4898
506 437 795 507 PRAEFATIO.
1156 441 1197 512 13

118 556 272 620 orationis
288 555 366 620 satis
388 555 600 620 Ciceroniano
620 579 688 621 non
712 558 852 621 nimium
871 557 1043 622 immutata
1064 579 1134 624 esse
1157 583 1195 626 ea
1279 541 1296 578 '¹

118 658 304 735 concludit,
322 681 394 746 quae
411 661 477 724 suis
493 662 710 726 immiscuerit
732 662 894 727 Goslicius
912 685 952 726 ex
968 684 1081 750 opere,
1103 665 1194 752 quod

117 789 185 830 nou
200 767 372 830 nominato
386 783 519 831 auctore
538 769 733 856 excerpserit
750 791 758 832 r
773 767 853 832 illud
866 791 944 832 vero
964 768 1096 834 Goslicii
1110 792 1193 859 opus

116 871 228 942 denuo
248 873 333 960 typis
349 894 384 936 se
400 872 608 962 vulgaturum
627 873 791 962 spondens
811 869 967 938 admonet
983 874 1138 958 lectores,
1156 894 1194 942 ut

113 978 250 1066 vestigia
266 976 394 1042 Codicis
411 979 578 1044 Sarmatici
594 978 754 1044 librorum
773 980 938 1045 Ciceronis
960 978 1001 1044 de
1017 981 1194 1070 Republica

112 1080 149 1143 in
165 1079 304 1144 Polonia
316 1098 563 1168 persequantur.
575 1117 620 1130 --
634 1081 716 1163 Qum
732 1083 842 1147 omnia
855 1098 894 1146 ut
911 1081 1013 1147 muita
1025 1105 1100 1148 cum
1118 1083 1193 1148 d‘ssi·

115 1185 225 1276 gentia
241 1185 375 1251 collecta
393 1202 426 1251 et
443 1187 626 1252 rationibus
645 1187 734 1252 haud
753 1188 849 1278 plane
867 1187 1115 1256 contemnendis
1134 1190 1192 1255 de·

114 1307 297 1356 monstrata
337 1315 407 1356 esse
444 1292 607 1374 concedo,
644 1292 687 1356 ita
721 1309 830 1358 tamen
860 1293 1006 1358 animum
1042 1295 1192 1362 nondum

114 1399 306 1487 explevisse,
317 1395 440 1462 nedum
450 1399 682 1487 exspectationi
694 1400 840 1488 speique,
853 1423 951 1488 quarn
961 1423 1191 1490 conceperam,

116 1504 328 1586 satisfecisse,
341 1505 482 1595 ingenue
495 1503 662 1593 profiteor.

159 1611 364 1698 Tempestive
386 1609 537 1697 quidem,
561 1611 683 1700 quippe
705 1629 844 1676 exeunte
867 1635 978 1678 mense
999 1612 1091 1700 aprili
1112 1614 1190 1678 anni

122 1714 222 1796 1824,
247 1714 413 1804 prodierat
429 1716 466 1780 F.
486 1718 524 1780 C.
544 1715 687 1798 Wolffii,
707 1718 907 1782 Correctoris
928 1718 1096 1806 Gymnasii
1116 1719 1190 1784 Fle-

116 1821 299 1909 nopoiitani
329 1843 550 1910 programma,
578 1821 610 1884 in
640 1844 707 1909 quo
734 1822 881 1887 insunt:
907 1823 1190 1889 «Observationes

116 1927 235 1992 oriticae
250 1929 284 1989 in
302 1927 347 1991 M.
364 1927 460 1990 Tullii
476 1927 642 1992 Ciceronis
660 1929 854 1993 Orationum
872 1952 932 2017 pro
948 1930 1070 1994 Scauro
1083 1945 1116 1994 et
1127 1953 1188 2020 pro

116 2031 227 2096 Tullio
261 2047 293 2096 et
321 2031 480 2096 librorum
504 2031 545 2096 de
571 2033 750 2122 Republica
780 2035 1001 2124 fragmenta».
1033 2033 1099 2121 (43
1132 2059 1192 2125 pp:

116 2138 222 2226 in-A.)
239 2137 303 2202 Sed
321 2139 423 2226 quum
441 2138 474 2206 id
490 2141 708 2229 comparuisse
730 2164 803 2206 sero
823 2141 1071 2230 comperissem,
1087 2142 1189 2206 serius

116 2244 206 2310 idern
223 2246 322 2309 etiarn
340 2244 382 2308 ad
401 2268 455 2310 me
473 2245 616 2311 delatum
634 2263 734 2330 esset,
752 2247 873 2312 iactum
893 2263 957 2332 est,
974 2264 1013 2311 ut
1027 2248 1061 2310 in
1084 2271 1189 2312 anno·

116 2353 241 2416 tatione
256 2351 492 2417 conscribenda
506 2376 546 2418 eo
559 2356 608 2417 uti
622 2377 689 2436 non
702 2377 848 2444 possem,
866 2353 940 2436 sed,
956 2376 1029 2442 quae
1045 2355 1189 2419 inessent

116 2455 158 2521 ad
168 2455 283 2521 hosde
299 2457 476 2546 Republica
489 2458 589 2524 libros
608 2461 675 2524 sive
693 2458 929 2542 emendandos,
947 2460 1014 2524 sive
1029 2459 1189 2549 explican-

114 2561 194 2646 dos,
206 2562 248 2628 ad
271 2564 390 2628 calcem
407 2565 513 2654 operis
529 2583 638 2630 essent
651 2564 824 2646 rejicienda
840 2582 873 2630 et
888 2564 1093 2648 dijudicanda
1107 2564 1164 2654 (r).

534 2749 773 2773 ...ὠ-.-

188 2903 259 2980 ΕΧ
288 2902 514 2981 FABRICII
542 2902 898 2981 BIBLIOTHECA
927 2902 1123 2982 LATINA

310 3060 366 3106 en.
382 3062 408 3106 t.
429 3062 461 3106 a.
481 3061 648 3124 sertsrr,
668 3063 701 3107 r.
726 3063 757 3124 1,
783 3061 815 3106 Ρ.
835 3061 902 3134 199
921 3060 997 3120 sQQ.

163 3231 176 3254 ·=
193 3198 367 3264 Somnium
388 3199 553 3264 Ciceronis
572 3222 612 3264 ex
629 3199 746 3262 ultimo
759 3199 826 3262 sive
844 3212 934 3262 sexto
950 3195 1034 3260 libro
1048 3194 1089 3259 de
1107 3195 1187 3284 Rep.

119 3305 185 3370 site
201 3301 242 3369 de
267 3304 394 3393 optimo
412 3303 596 3392 reipublicae
616 3320 702 3367 statu
727 3319 925 3390 excerptum.
945 3298 1031 3365 Illud
1054 3300 1190 3365 servavit

119 3433 156 3474 ac
172 3408 303 3474 duobus
320 3409 409 3473 libris
426 3411 558 3498 copiose
575 3409 744 3474 illustravit
758 3407 954 3473 Macrobius.
967 3407 1100 3470 Favonii
1113 3428 1191 3470 vero

120 3514 249 3602 Eulogii
259 3511 308 3601 (a)
322 3501 474 3578 Rhetoris
491 3515 764 3605 Carthaginiensis
778 3512 955 3601 disputatio
970 3511 1005 3574 in
1019 3512 1192 3576 Somnium

120 3621 279 3709 Scipionis
306 3620 347 3684 ad
377 3621 414 3684 V.
442 3623 478 3686 C.
508 3621 681 3710 Superium
710 3623 785 3685 Cos.
815 3619 991 3684 Provinciae
1021 3621 1193 3706 Byzacenae

155 3821 194 3887 (r)
211 3821 258 3869 Eas
276 3819 460 3868 observationes
478 3835 537 3880 uos,
551 3829 578 3867 ut
589 3817 637 3867 clia
651 3817 776 3868 emendata
794 3817 826 3866 ds
844 3817 934 3882 quibus
948 3816 1028 3880 agitur
1041 3831 1128 3879 supra,
1146 3829 1192 3863 suo

119 3925 226 3975 quasque
236 3909 294 3958 loco
306 3907 460 3974 reponendas
472 3909 621 3958 curavimus.
631 3911 679 3956 Eo.

155 3999 194 4061 (a)
213 4000 330 4062 Perqoanr
344 4008 455 4044 exactum
471 3999 617 4063 scriptorem
630 4007 705 4045 vocat
719 3995 843 4052 Bembina,
858 3995 989 4042 advertar.
1003 3993 1045 4051 11,
1063 4005 1103 4052 ¹9·
1120 3987 1192 4036 lirud

120 4085 231 4134 diterm
245 4087 284 4133 hic
298 4085 358 4133 uribi
371 4084 469 4136 videtur
482 4085 512 4134 rh
526 4086 611 4150 Eulog.
627 4088 651 4134 S.
665 4085 797 4148 Augustini
809 4083 943 4147 discipulo.
955 4080 1013 4128 Vid.
1025 4079 1097 4136 hujus
1110 4077 1153 4125 lib.
1163 4075 1194 4122 dc

122 4190 176 4222 cura
188 4189 236 4238 pro
249 4173 368 4232 mortuis,
381 4189 437 4236 cap.
450 4189 491 4222 rr.
