2874 4898
530 408 817 478 PRAEFATIO.
1131 431 1134 436 '
1159 405 1204 476 23

139 529 212 592 llec
229 551 290 618 ego
313 527 422 616 paullo
441 527 597 616 prolixius
616 527 778 617 disputavi
793 543 982 616 propterea,
999 527 1090 616 quod
1102 529 1205 617 gravis

134 633 315 700 admodum
341 634 501 700 dubitatio
530 635 610 700 mihi
633 652 717 702 esset
741 635 874 718 oborta,
897 657 977 700 num
994 635 1115 725 politici
1131 635 1204 700 libri

134 741 261 822 Quinto
280 740 371 804 fratri
387 739 510 806 fuerint
529 741 685 830 inscripti.
704 743 743 805 In
762 740 872 804 multis
893 755 1002 806 autem
1021 742 1207 828 questioni·

132 849 193 912 bus
208 845 262 927 lit,
281 865 318 911 ut
337 869 387 910 res
402 846 571 910 verbosior
583 847 652 912 haec
668 845 784 922 fuerit,
803 845 855 910 illa
870 847 985 912 verior.
1004 849 1107 912 Causa
1124 847 1206 912 mihi

130 948 301 1016 dubitandi
317 967 395 1014 sunt
409 951 462 1014 illa
478 951 575 1015 verba
592 951 693 1016 Marci
711 949 752 1016 ad
771 953 903 1016 fratrem
921 951 966 1040 (r)
982 953 1145 1040 loquentis
1164 953 1205 1018 de

130 1056 283 1122 varianda
302 1073 487 1144 temporum
508 1073 541 1122 et
555 1079 769 1146 personarum
789 1057 960 1124 rationein
978 1057 1029 1122 his
1043 1057 1178 1148 dialogis
1196 1083 1203 1124 :

129 1185 219 1252 «ego
241 1182 351 1242 autam
377 1161 412 1226 id
433 1163 541 1250 ipsum
564 1179 635 1228 tum
666 1187 754 1228 eram
779 1179 957 1252 sequutus,
978 1187 1019 1228 ne
1040 1165 1074 1229 in
1094 1183 1206 1232 nostra

130 1287 279 1356 tempora
306 1269 490 1350 incurrens,
518 1268 721 1335 offenderem
748 1269 934 1358 quempiam
959 1292 967 1335 :
990 1293 1079 1336 nunc
1109 1287 1141 1336 et
1170 1272 1208 1338 id

129 1376 258 1456 vitabo,
274 1391 308 1440 et
321 1376 437 1463 loquar
450 1375 517 1462 ipse
532 1389 655 1457 tecum3
672 1391 705 1439 et
723 1392 831 1441 tamen
853 1399 926 1464 quae
942 1375 1144 1442 institueram
1162 1377 1203 1442 ad

129 1499 181 1563 te,
201 1483 230 1546 si
255 1483 392 1546 Romam
417 1503 554 1565 venero,
576 1482 713 1548 mittam.
739 1513 752 1538 ι
769 1479 860 1565 Quid
882 1497 932 1548 est
956 1482 1043 1547 enim
1061 1513 1074 1538 ι
1091 1482 1205 1572 loquar

129 1605 254 1670 tecum,
269 1619 282 1644 υ
304 1588 364 1652 nisi
387 1589 439 1654 rel
459 1589 494 1653 in
512 1588 672 1676 prooemio
694 1588 745 1654 vel
765 1590 799 1652 in
827 1587 956 1678 dialogo
979 1611 1055 1653 curn
1079 1590 1204 1672 Quinto

130 1695 243 1782 loqui?
265 1693 348 1758 Nam
374 1717 483 1758 coram
506 1711 593 1758 certe
616 1717 682 1758 non
707 1710 851 1782 poterat,
876 1695 951 1782 quia
976 1710 1124 1783 tempore
1148 1695 1204 1762 illo

131 1802 278 1884 Quintus
297 1801 486 1881 versabatur
509 1801 541 1864 in
563 1801 728 1866 Britannia
745 1822 822 1865 cum
839 1801 875 1866 C.
895 1804 1028 1866 Cessare.
1051 1803 1151 1890 Atqui
1168 1805 1202 1868 in

129 1907 260 1996 dialogo
273 1929 340 1971 non
357 1923 406 1970 est
416 1906 580 1988 Quintum
591 1905 779 1995 alloquutus
788 1931 798 1989 3
807 1929 885 1996 ergo
898 1907 932 1970 in
946 1909 1125 1995 protemio:
1141 1910 1202 1974 nisi

131 2014 215 2078 forte
234 2011 268 2076 id
284 2011 417 2100 quidem
434 2011 539 2077 facere
556 2013 708 2102 cogitavit
724 2012 855 2092 Cicero,
872 2010 928 2076 sed
943 2011 1061 2077 deinde
1075 2030 1203 2079 senten·

129 2119 206 2182 tiam
227 2119 372 2182 mutavit.
388 2117 473 2181 Tum
491 2133 524 2182 et
543 2118 666 2182 locutio
679 2141 773 2206 «qum
791 2118 996 2183 institueram
1013 2118 1056 2183 ad
1075 2136 1106 2184 te
1124 2115 1201 2185 mit'·

128 2241 194 2288 tam
209 2255 238 2304 ι,
257 2223 321 2287 hoe
343 2220 475 2311 quidem
497 2224 571 2287 loco
595 2222 725 2288 videtur
742 2222 952 2312 intelligenda
973 2221 1014 2288 de
1036 2225 1201 2291 volumine

129 2330 160 2394 in
180 2329 379 2395 Britanniam
395 2327 437 2394 ad
453 2329 616 2412 Quintum
635 2329 903 2414 transmittendo,
921 2347 1066 2396 ceterum
1084 2331 1200 2396 «alicui

130 2437 261 2500 mittere
280 2435 400 2499 librum
415 2465 428 2490 ι
453 2433 611 2523 significat
637 2433 801 2500 interdum
826 2433 914 2524 apud
934 2436 1084 2518 Latinos,
1111 2435 1201 2524 quod

128 2565 233 2630 grmoe
245 2553 450 2626 epsssevslstsr,
465 2557 503 2605 ut
514 2543 606 2606 van.
622 2542 716 2630 Ling.
730 2543 797 2607 lat.
812 2542 869 2624 lv,
884 2565 913 2625 r,
923 2557 956 2607 et
968 2543 1041 2632 Dig.
1056 2543 1204 2626 XXVII,

131 2671 161 2732 r,
187 2637 228 2729 ις’
248 2647 343 2711 sicuti
370 2646 459 2736 apud
486 2649 710 2730 Lactantium,
738 2650 816 2714 lnst.
840 2647 920 2730 Vll,
951 2652 988 2729 d,
1017 2647 1112 2713 etde
1136 2650 1198 2739 Op.

128 2757 169 2819 D.
189 2739 222 2836 l,
241 2752 328 2821 idem
346 2769 441 2816 sonat
462 2783 473 2808 ι
488 2753 609 2820 librum
633 2752 836 2818 scriberead
852 2753 993 2842 aliquem
1009 2785 1033 2820 ι.
1048 2753 1200 2843 Superest

127 2859 307 2924 ridendum
324 2883 403 2924 num
425 2859 570 2943 Quintus
588 2860 850 2927 adolescentulus
869 2884 945 2926 cum
961 2860 1073 2926 Marco
1087 2862 1199 2950 Smyr·

128 2989 179 3032 nae
196 2967 304 3031 luerit.
329 2968 491 3032 Comitem
511 2968 611 3032 fuisse
629 2967 740 3032 Marco
766 2969 928 3052 Quintum
951 2967 986 3032 iu
1004 2966 1060 3032 illo
1082 2967 1198 3049 itinere

125 3073 278 3154 juvenili,
297 3073 410 3137 saltem
436 3073 578 3139 Athenas
599 3096 721 3162 usque,
742 3090 832 3162 patet
850 3074 987 3138 omnino
1005 3095 1022 3138 e
1039 3074 1197 3162 prooemio

127 3179 201 3244 libri
228 3180 362 3244 extremi
387 3179 427 3243 de
445 3179 597 3262 Finibus,
616 3180 673 3244 ubi
698 3181 827 3245 Marcus
853 3196 978 3262 nanat,
1002 3201 1037 3244 sa
1054 3178 1196 3267 quodam

129 3285 198 3366 die,
221 3301 393 3374 postquam
421 3285 554 3350 Athenis
574 3284 747 3350 audivisset
772 3285 973 3352 Antiochum
997 3285 1115 3373 (quern
1141 3308 1197 3351 sex

130 3417 256 3459 menses
277 3393 435 3458 audivisse
454 3393 504 3459 illa
522 3395 555 3458 in
573 3393 669 3479 urbe,
690 3393 769 3458 dum
785 3395 1057 3486 peregrinaretur,
1074 3392 1195 3458 confir·
1263 3441 1267 3454 .

130 3517 196 3564 mat
218 3501 332 3564 Cicero
349 3502 438 3564 brut.
457 3501 530 3588 91),
546 3498 710 3590 dialogum
727 3500 903 3566 instituisse
921 3524 996 3566 cum
1015 3499 1055 3584 Q.
1079 3499 1196 3578 fratre,

129 3609 168 3672 Τ.
177 3607 378 3695 Pomponio,
393 3607 492 3672 Lucio
505 3607 663 3673 Cicerone
676 3607 834 3698 patruele,
851 3625 884 3674 et
897 3609 942 3673 bl.
955 3609 1083 3674 Pisone.
1092 3605 1197 3690 Quid·

130 3716 162 3776 ni
180 3714 280 3803 igitur
297 3713 460 3797 Quintum
476 3715 511 3777 in
530 3715 637 3780 Asiam
654 3738 787 3804 quoque
806 3717 997 3780 comitatum
1020 3737 1089 3780 esse
1104 3714 1195 3778 fratri

129 3817 344 3882 arbitremur?
360 3815 444 3882 [llud
462 3819 558 3884 ctiam
571 3821 606 3883 in
620 3819 807 3885 memoriam
825 3843 1028 3901 revocemus,
1045 3819 1192 3882 Marcum

130 3923 227 4020 libros
241 3925 416 4008 oratorios,
430 3949 513 4014 quos
529 3949 616 3992 anno
631 3943 705 3994 ante
722 3927 871 4016 politicos
889 3927 1029 4017 scripsit,
1048 3909 1087 4007 Q.
1105 3921 1196 3988 fratri

164 4140 203 4208 (t)
221 4141 275 4192 us.
288 4145 339 4203 111,
354 4143 379 4192 s.
505 4121 508 4132 '
