2874 4898
261 449 324 496 vin
615 427 730 500 NOVI
759 429 974 502 EDlTORlS

262 548 525 620 contendamus
554 546 660 619 nobis
683 548 767 619 solis
792 547 967 622 affulsisse
992 551 1197 640 veritatem,
1220 556 1333 625 satius

261 648 377 717 visum
402 660 457 718 est
474 643 604 716 afferre
627 644 766 718 diversa
786 644 938 740 judicia,
958 672 1004 719 ne
1029 671 1121 720 verae
1147 652 1332 748 opinionis

260 745 379 814 forsan
399 745 539 814 omissae
562 742 668 814 nobis
687 745 823 814 crimen
843 743 1062 839 injiceretur.

202 853 209 859 “
306 841 415 931 Quod
444 840 488 911 ad
524 839 634 911 libros
664 840 709 912 de
740 840 935 938 Republica
972 844 1154 914 Ciceronis
1183 846 1330 933 attinet,

258 938 356 1010 nulla
374 940 559 1036 potuimus
578 938 886 1009 commendatiore
906 937 1063 1011 editione
1082 941 1264 1037 utiquam
1286 967 1329 1013 ea

258 1061 338 1134 quse
358 1062 377 1106 a
399 1039 544 1106 Mosero
560 1036 596 1104 in
618 1035 736 1105 lucem
759 1033 854 1106 edita
872 1051 926 1106 est
942 1062 1041 1108 anno
1059 1037 1168 1124 1826,
1189 1039 1259 1110 hoc
1282 1042 1327 1109 ti-

258 1133 355 1208 tulo:
381 1137 461 1204 «Μ.
472 1131 576 1204 Tullii
596 1132 780 1203 Ciceronis
799 1129 844 1203 de
869 1134 1070 1231 Republica
1093 1134 1173 1206 libri
1194 1135 1239 1208 ab
1257 1141 1327 1207 An-

280 1232 336 1302 elo
357 1233 455 1302 Maio
480 1254 598 1328 nuper
615 1231 751 1326 reperti
772 1244 808 1300 et
836 1229 922 1300 editi
945 1256 1027 1302 cum
1047 1231 1208 1326 ejusdem
1236 1258 1327 1329 prae·

255 1257 392 1400 fatione
420 1342 457 1397 et
482 1328 762 1398 commentariis.
782 1331 934 1397 Textum
952 1327 1076 1399 denuo
1097 1331 1327 1427 recognovit,

256 1425 456 1520 fragmenta
475 1422 615 1521 pridem
643 1425 786 1520 cognita
809 1439 846 1494 et
868 1426 1056 1496 Somnium
1080 1429 1258 1524 Scipionis
1281 1428 1326 1498 ad

256 1523 360 1594 codd.
376 1526 462 1594 MSS
477 1537 514 1592 et
529 1520 610 1593 edd.
626 1535 711 1592 vett.
727 1518 836 1592 fidem
856 1524 1023 1608 correxit,
1039 1526 1244 1596 versionem
1259 1529 1323 1596 So-

258 1622 346 1690 mnii
360 1644 508 1714 graecam
522 1620 748 1689 emendatius
765 1617 894 1704 edidit,
905 1635 941 1690 et
951 1619 1086 1692 indices
1100 1623 1198 1691 auxit
1214 1627 1326 1694 Geor·

254 1719 333 1814 gius
345 1719 520 1788 Henricus
532 1721 662 1788 Moser.
680 1715 825 1786 Accedit
843 1715 1012 1788 Friderici
1029 1721 1199 1789 Creuzeri
1214 1744 1327 1790 anno·

178 1825 184 1843 ‘
255 1818 354 1888 tatio.
380 1819 471 1886 Cum
494 1814 689 1912 specimine
709 1813 842 1884 codicis
857 1814 1019 1884 Vaticani
1037 1814 1257 1912 palimpsesti
1282 1817 1324 1886 li-

254 1913 470 2010 thographo.
496 1907 721 1982 Francofurti
749 1910 794 1984 ad
822 1914 1006 1994 Moenum,
1032 1937 1052 1982 e
1073 1913 1325 2010 typographeo

253 2011 530 2090 Broeunerian0,
555 2009 683 2080 1826».
704 2009 822 2096 Quam
844 2007 1038 2078 editionem
1064 2010 1106 2080 ad
1128 2008 1325 2082 conficien-

252 2107 336 2180 dam
355 2131 469 2204 quum
492 2111 657 2178 Moserus
674 2107 811 2201 optima
829 2129 982 2202 quasque
1001 2105 1208 2202 adjumenta
1225 2108 1324 2180 unde

254 2204 352 2276 unde
383 2204 639 2286 accersivisset,
670 2217 706 2272 et
736 2205 999 2273 accuratissime
1029 2204 1229 2300 collegisset
1253 2207 1323 2303 (r),

254 2301 362 2374 nobis
387 2300 432 2372 ad
454 2299 541 2372 alios
567 2297 686 2370 fontes
711 2300 860 2370 miniine
882 2300 1141 2374 recurrendum
1165 2301 1254 2384 fuit,
1282 2328 1324 2376 ac

254 2395 710 2501 ipsiusMoserieditionis
722 2412 932 2503 contextum
951 2397 1088 2494 ubique
1107 2423 1217 2496 quam
1235 2397 1323 2471 fide.

255 2487 879 2592 lissimo:ietpl,lriri1s’,‚firtefeiptissis
896 2509 1038 2566 tentum
1060 2496 1245 2568 nonnullis
1263 2498 1324 2568 ad·

254 2577 519 2682 notationibus,
535 2579 839 2705 r'puae'riprtstrioilo
859 2591 1053 2688 longioreS,
1074 2596 1321 2668 verumetiam

254 2693 405 2763 omnino
431 2684 834 2792 supersedenteaefnobis
857 2690 939 2760 visae
960 2705 1065 2777 sunt,
1087 2703 1214 2786 utpote
1240 2717 1322 2789 quae

253 2775 688 2887 spectentmtssv'doitntta
710 2787 852 2858 levioris
871 2789 1064 2880 momenti,
1096 2813 1215 2885 neque
1246 2791 1322 2860 ullo
1421 2875 1422 2880 ἵ

253 2887 364 2958 modo
383 2879 709 2996 ad'rsetn'fideiqitit
731 2885 866 2980 igitur,
891 2900 1063 2982 spectent.
1088 2886 1204 2956 Facile
1223 2889 1320 2958 enim

235 2985 402 3056 lectores
425 2982 584 3080 egebunt
602 2965 908 3080 disputationibus
934 2983 1002 3052 illis
1026 3007 1127 3080 paene
1144 2982 1320 3063 utilibus,

251 3107 333 3179 quae
350 3079 582 3152 solummodo
595 3078 785 3177 scrupulos
800 3093 837 3150 et
854 3082 1061 3177 patientiam
1080 3081 1321 3176 germanicam

252 3194 420 3276 arguunt.

300 3283 354 3348 Ex
362 3275 622 3348 Additamentis
639 3278 847 3373 etiamque
864 3281 900 3348 in
918 3275 1014 3346 calce
1028 3275 1196 3347 editionis
1208 3279 1323 3346 Mose-

248 3378 357 3447 rianre
384 3376 564 3470 leguntur,
592 3397 775 3472 novasque
798 3373 1143 3457 animadversiones,
1174 3397 1321 3469 praeser·

250 3478 314 3543 tim
332 3479 368 3544 F.
390 3477 430 3544 C.
446 3470 567 3543 Wolfii
587 3485 623 3542 et
642 3477 669 3542 J.
691 3471 788 3542 Baldi
809 3470 907 3542 haud
929 3467 1175 3568 dedignandus
1202 3471 1319 3541 couti-

248 3585 357 3660 nent,
373 3569 486 3640 multa
503 3573 747 3666 excerpsimus
764 3583 800 3640 et
818 3570 912 3639 inter
930 3582 1047 3642 cetera
1062 3569 1322 3642 commentaria

248 3670 316 3766 ipsi
336 3668 505 3740 editionis
527 3668 712 3738 contextui
733 3667 961 3738 inseruimus.

296 3766 424 3863 Augeli
453 3766 555 3850 Maii,
589 3765 627 3833 in
659 3789 769 3860 quem
804 3763 961 3834 editores
995 3762 1055 3835 alii
1090 3787 1164 3832 nou
1199 3776 1323 3858 gratos

246 3866 346 3950 satis,
387 3878 511 3934 nostro
546 3861 708 3957 judicio,
747 3885 887 3958 gessere
921 3861 1079 3946 animos,
1115 3859 1321 3930 luculentas

244 3975 321 4032 turn
348 3961 394 4032 de
422 3958 560 4048 verbis,
594 3973 671 4028 tum
706 3958 750 4030 de
782 3957 892 4032 rebus
923 3953 1193 4044 adnotationes,
1224 3964 1359 4052 quan'

280 4125 320 4208 (r)
342 4123 414 4182 Vide
432 4123 506 4182 iufra
519 4123 631 4182 Praefat.
644 4122 765 4196 Mosen,
780 4142 844 4206 pag.
859 4123 875 4180 5
890 4135 991 4208 etseq.
