2874 4898
495 445 784 516 PRAEFATIO.
1128 447 1174 534 45

111 575 175 637 lloc
191 573 265 635 loco
282 569 398 632 Cicero
414 583 479 630 tres
495 567 604 630 innuit
619 567 831 632 solemniores
848 583 881 632 et
897 589 986 632 veras
1003 570 1176 659 palimpse-

108 695 230 742 storum
243 672 467 740 faciendorum
475 695 602 752 causas,
614 689 839 761 contemptum
854 676 969 738 aeteus
982 679 1179 764 argumenti,

107 782 312 870 parcimoniae
329 777 493 860 studium,
511 778 773 842 membranarum
793 780 974 865 penuriam.
990 784 1095 869 Atque
1113 805 1174 872 ego

106 890 327 976 palimpsestos
347 885 382 948 iu
405 884 603 948 membranis
627 884 785 948 hactenus
804 883 946 950 videram
967 888 1173 954 :chartarum

12 983 13 1020 ³
104 994 189 1058 enim
206 1005 373 1080 quotquot
391 1003 470 1054 sunt
486 1011 602 1076 genera
618 989 671 1052 vix
687 990 715 1052 ei
733 989 779 1052 rei
796 1007 869 1076 apta
884 991 1045 1058 videntur.
1060 994 1174 1082 Nuper

105 1115 210 1162 umen
234 1115 253 1161 e
275 1095 406 1160 duobus
427 1093 612 1182 papyraceis
630 1092 861 1181 diplomatibus
885 1097 993 1160 seculi
1010 1098 1075 1175 IX,
1097 1123 1170 1186 quw

103 1205 298 1293 impetrante
309 1200 565 1267 eminentissimo
576 1221 614 1263 ac
626 1199 894 1267 reverendissimo
905 1201 1059 1266 cardinali
1071 1203 1173 1271 Guer·

103 1311 184 1374 reric
202 1307 321 1374 nobilis
339 1305 526 1372 Gualtheria
545 1327 624 1393 gens
642 1305 840 1372 Urbevctere
856 1305 898 1370 ad
915 1305 1100 1374 Vaticanam
1120 1311 1171 1376 bi·

103 1415 297 1480 bliothecam
326 1412 452 1478 donans
479 1411 583 1490 misit,
610 1432 716 1474 uuum
743 1427 831 1474 certe
856 1411 933 1499 ipsis
960 1411 1102 1480 dominis
1127 1417 1171 1482 ill.

103 1519 351 1587 observantibus
378 1517 568 1605 rescriptum
589 1531 657 1596 est;
680 1537 879 1602 quamquam
901 1518 991 1604 prior
1011 1519 1171 1608 scriptura

100 1627 173 1690 satis
191 1626 256 1715 legi
273 1647 340 1688 non
354 1638 473 1711 potest.
494 1623 603 1704 Quare
617 1636 779 1709 superest,
793 1637 831 1686 ut
847 1621 1067 1711 palimpsestoe
1085 1650 1170 1714 quo·

99 1755 162 1819 que
184 1753 382 1820 papyraceus
402 1727 519 1792 eruditi
538 1742 735 1792 scrutentur.
752 1729 925 1815 Ceteroqui
945 1731 1171 1819 palimpsesto-

99 1863 171 1904 rum
201 1839 298 1904 lectio
331 1839 436 1926 perito
464 1837 663 1925 patientique
696 1836 821 1903 homini
851 1837 938 1902 haud
975 1837 1167 1930 plerumque

99 1948 236 2012 molesta
251 1961 299 2010 est
315 1968 323 2008 :
339 1945 372 2008 in
387 1945 478 2008 omni
495 1960 601 2008 umen
619 1941 778 2024 ejusmodi
795 1943 915 2031 scripto
932 1945 1040 2030 plures
1058 1968 1170 2012 uocum

98 2069 176 2116 runt
191 2050 317 2140 pagine
327 2048 514 2114 valdelectu
523 2047 668 2112 difficiles
678 2065 712 2113 et
723 2049 911 2139 obscuratae.
925 2049 1079 2138 ltaqueiu
1097 2075 1165 2116 uno

97 2179 193 2222 versu
216 2156 356 2220 verbere
380 2155 501 2220 bonam
525 2153 722 2242 quandoque
742 2154 857 2220 horam
880 2164 1076 2222 consumere
1097 2181 1164 2222 non

97 2263 276 2344 recusabis,
303 2277 433 2325 utrem
460 2259 591 2324 tandem
610 2282 649 2324 ex
666 2261 899 2348 integumentis
926 2263 992 2327 suis
1019 2263 1165 2328 evolvere
1223 2297 1227 2302 ·

12 2425 13 2438 ,
94 2391 195 2455 queas
207 2384 258 2432 :et
273 2365 407 2455 quidem
420 2363 654 2454 exspectandus
671 2387 805 2430 screnus
818 2365 904 2446 dies,
917 2384 949 2430 et
960 2369 993 2430 in
1008 2368 1083 2432 solis
1097 2363 1175 2434 tul-'

94 2497 173 2562 gore
198 2477 340 2538 maximo
360 2472 402 2536 ad
426 2473 597 2537 lectionem
619 2472 809 2536 incumbere
831 2495 961 2538 necesse
977 2491 1034 2539 est.
1058 2475 1162 2542 Porro

93 2581 205 2644 nullus
221 2596 269 2644 est
284 2579 526 2666 palimpsestus,
544 2579 577 2640 in
592 2599 659 2665 quo
673 2577 829 2666 scriptura
847 2601 914 2642 non
933 2579 974 2643 sit
989 2583 1163 2666 continua,

91 2685 276 2750 indiscretis
293 2707 413 2772 nempe
426 2683 607 2764 vocabulis,
620 2683 709 2746 nulla
724 2699 922 2748 commatum
937 2684 1162 2770 distinctione,
1179 2765 1182 2776 ὁ

89 2793 235 2879 exceptis
257 2789 424 2854 interdum
442 2787 534 2853 valde
556 2788 698 2866 evanidia
718 2787 895 2876 paucisque
914 2793 1053 2878 punctis.
1075 2793 1160 2858 Scri-

91 2915 185 2986 ptum
203 2898 304 2985 igitur
315 2897 504 2960 universum
514 2894 787 2960 commovendum
800 2911 865 2978 est,
878 2912 974 2984 atque
987 2899 1020 2962 in
1034 2901 1163 2990 propria
1269 2905 1273 2916 ’

88 3003 251 3067 vocabula
269 3000 537 3090 distinguendum
550 3024 558 3064 ε
571 3023 643 3088 quae
660 3022 710 3065 res
729 3024 837 3090 neque
851 3023 980 3091 semper
995 3002 1160 3071 dubietate
1239 3070 1242 3074 .

89 3124 190 3190 taret,
200 3130 309 3195 neque
325 3107 481 3195 periculo.
493 3107 618 3194 Nempe
632 3129 679 3172 ex.
698 3129 746 3196 gr.
765 3107 850 3171 libro
863 3109 895 3188 1,
910 3117 964 3190 14,
984 3109 1075 3198 lego:
1087 3141 1099 3166 κ
1111 3113 1160 3177 sol

89 3239 106 3278 c
122 3215 259 3302 regione
270 3245 302 3295 a,
312 3235 379 3278 non
393 3213 482 3278 nsole
493 3213 625 3302 regione
635 3243 647 3268 »
657 3237 666 3294 ς
676 3214 711 3294 Ι,
728 3212 810 3278 15:-
822 3215 996 3278 ostentatio
1007 3239 1114 3303 neque
1125 3249 1159 3301 a,

89 3343 158 3384 non
176 3349 189 3376 ι
204 3319 486 3407 ostentationeque
499 3343 526 3401 '3
548 3320 580 3400 I,
608 3339 670 3406 19:
692 3349 704 3373 a
723 3334 756 3383 et
776 3320 842 3400 jam
859 3351 889 3401 u,
908 3341 975 3383 non
995 3321 1115 3386 «etiarn
1128 3349 1159 3404 ις

89 3429 120 3508 l,
142 3447 182 3490 21
198 3448 206 3488 :
221 3425 382 3512 «paratior
400 3447 557 3506 es·,non
577 3425 875 3514 «paratiores»;ll,
892 3447 946 3490 ιιι
963 3427 1046 3517 «situ
1064 3451 1159 3493 revo-

87 3553 141 3596 ces
153 3563 183 3610 ι,
200 3553 267 3594 non
282 3561 294 3586 ι
308 3531 334 3594 si
352 3547 389 3594 tu
404 3553 554 3611 revoces,
567 3546 627 3594 etc.
637 3561 650 3586 ι
666 3528 796 3618 Nequid
815 3528 919 3594 dicam
937 3529 977 3596 de
992 3533 1157 3620 scripturae

87 3637 217 3702 mendis
236 3637 415 3702 innumeris
432 3659 504 3724 quae
519 3636 615 3724 primi
631 3636 836 3723 potissimum
851 3635 982 3702 editoris
1001 3637 1157 3704 medelam

86 3757 286 3830 exspectant.
298 3741 428 3830 Quippe
435 3741 568 3830 antiqua
581 3741 720 3821 cujusvis
730 3741 851 3806 classici
863 3743 912 3804 via
926 3743 1072 3806 sentibus
1085 3745 1158 3831 plu·

85 3849 178 3912 rimis
202 3849 415 3938 virgultisque
441 3871 568 3938 semper
589 3848 755 3939 purganda
779 3865 836 3912 est.
857 3849 1157 3914 Perturbandorum

85 3957 119 4018 in
136 3955 352 4044 palimpsestis
368 3955 522 4020 loliorum
539 3978 574 4019 ea
592 3978 687 4020 causa
703 3956 783 4038 luit,
801 3955 890 4043 quod
904 3956 1027 4042 priscus
1044 3956 1157 4032 codex,

12 4077 13 4132 l
86 4075 123 4122 ut
150 4083 242 4125 novae
270 4062 438 4149 scripturae
464 4077 560 4148 aptus
585 4058 662 4142 fiat,
683 4059 863 4128 humectari
886 4077 918 4124 et
937 4059 1033 4124 lavari
1059 4077 1156 4148 atque

12 4205 13 4256 3
85 4165 197 4231 abradi
224 4168 318 4234 solet.
346 4167 546 4232 Disauuntur
574 4165 672 4255 igitur
697 4165 794 4248 lolia,
823 4166 971 4231 manibus
1001 4163 1158 4232 artificum
