2874 4898
243 443 288 514 38
606 443 805 514 ANGELI
829 443 947 510 Mttt

239 565 422 653 catalogum
449 585 469 626 a
491 563 668 628 clarissimo
690 566 760 630 viro
778 562 922 633 Amedeo
945 563 1094 652 Peyrono
1119 564 1311 654 propediem

238 685 423 758 exspectare
438 668 522 734 licet.

368 819 426 888 IX.
450 769 720 910 Augttstt'nioptts
736 825 769 886 itt
782 821 987 910 palt'rnpsesto
1010 820 1046 884 V
1039 825 1179 887 aticano.

282 969 459 1060 Augustini
481 967 736 1036 commentarius
763 968 798 1031 in
824 967 994 1048 Bobiensi,
1021 989 1112 1032 nunc
1133 967 1313 1052 Vaticano,

240 1075 508 1165 codicescriptus
528 1098 547 1140 a
568 1075 694 1164 psalmo
717 1097 790 1140 uxrx
807 1073 849 1138 ad
867 1098 927 1140 orn
948 1075 1098 1164 pertinet
1117 1075 1313 1157 Quaternio-

237 1205 319 1248 uum
349 1181 665 1274 Augustinianorum
689 1198 776 1246 notre
799 1179 954 1270 leguntur
978 1203 998 1244 a
1023 1181 1124 1268 prima
1143 1181 1313 1268 usquead

238 1283 414 1376 secundam
427 1312 525 1378 supra
535 1290 735 1380 vigesimam,
750 1291 793 1354 ita
808 1306 915 1354 tamen
931 1305 970 1352 ut
983 1289 1315 1377 11‚vn,xv1quarer-

237 1397 352 1462 niones
365 1394 591 1460 desiderentur
602 1396 701 1483 :quin
711 1410 744 1458 et
758 1395 931 1483 quaternio
942 1416 1011 1458 xxrr
1023 1393 1203 1484 bibliopegi
1217 1395 1315 1460 incu-

238 1503 286 1566 ria
301 1517 377 1565 ante
387 1501 581 1590 vigesimum
596 1515 786 1588 compactus
801 1515 849 1564 est
862 1522 869 1564 :
883 1499 958 1576 folia
969 1499 1104 1588 insuper
1115 1499 1240 1587 aliquot
1253 1499 1316 1565 hac

238 1609 309 1672 illac
324 1605 533 1688 exciderunt,
549 1630 616 1694 quo
639 1605 676 1672 lit
694 1622 732 1671 ut
751 1620 799 1670 tot
815 1606 1012 1670 membranae
1033 1606 1216 1692 supersint,
1231 1623 1317 1694 quot

238 1713 375 1776 omnino
396 1711 439 1777 ad
460 1713 691 1802 quaterniones
715 1735 773 1796 χιι
796 1709 1198 1778 efficiendos‘necessariae
1226 1729 1316 1776 sunt.

239 1819 344 1910 Igitur
365 1819 490 1908 paginae
510 1842 564 1883 xvr
587 1817 693 1890 ductae
716 1819 748 1880 in
777 1816 1006 1905 quaterniones
1030 1839 1087 1880 ιιι
1107 1815 1192 1880 fiunt
1210 1839 1315 1882 ccciv.

237 1923 366 1990 Codicis
393 1941 500 1988 tamen
526 1925 672 2012 primurn
692 1923 761 1986 sine
785 1943 862 2010 pare
885 1921 1018 2008 folium,
1043 1919 1135 2009 quod
1153 1922 1319 1986 recentior

238 2052 354 2095 manus
380 2030 557 2119 supplevit,
576 2051 643 2108 uon
671 2044 720 2091 est
742 2027 937 2118 rescriptum
962 2050 969 2090 :
992 2047 1070 2116 ergo
1092 2043 1228 2092 vetustae
1256 2051 1317 2116 pa-

239 2137 322 2226 ginae
338 2157 424 2200 cocu
442 2151 535 2215 sunt,
550 2134 712 2222 rescriptae
728 2154 861 2215 omnes,
877 2149 977 2221 atque
991 2130 1034 2196 ad
1051 2131 1151 2198 Tullii
1167 2131 1317 2196 codicem

239 2240 280 2306 de
297 2243 377 2330 Rep.
397 2240 609 2329 pertinentes.
622 2239 798 2328 Augustini
812 2239 1005 2326 scripturam
1019 2237 1053 2300 in
1072 2259 1192 2302 excuso
1209 2239 1317 2326 speci-

241 2347 328 2410 mine
347 2359 546 2435 cognoscent
562 2343 698 2426 erudiri,
715 2367 787 2432 quae
811 2345 891 2408 mihi
912 2342 1046 2432 quidem
1064 2358 1141 2406 ante
1159 2343 1317 2408 saeculum

241 2451 405 2518 decimum
431 2465 556 2515 exarata
580 2449 719 2520 videtur.
744 2450 785 2516 Id
813 2473 946 2542 quoqpe
971 2447 1222 2514 memorandum
1248 2465 1318 2534 est,

242 2555 333 2646 quod
347 2578 465 2645 nempe
480 2555 515 2619 in
533 2554 653 2620 codicis
675 2555 875 2646 marginibus
894 2554 1079 2619 Tironianae
1095 2570 1179 2618 notae
1195 2555 1317 2644 passim

243 2679 417 2752 apparent,
446 2685 525 2751 quas
553 2685 614 2752 ego
644 2679 745 2744 certe,
770 2660 975 2726 considerato
1002 2661 1174 2725 atramenti
1196 2683 1318 2750 genere

242 2769 375 2855 aliisque
395 2767 537 2850 indiciis,
554 2766 595 2832 ad
610 2766 786 2856 Augustini
804 2766 914 2854 potius
937 2765 1131 2854 scripturam
1153 2789 1251 2852 quam
1274 2767 1317 2831 ad

242 2873 340 2938 Tullii
362 2873 473 2938 referri
496 2889 579 2962 puto
599 2896 608 2938 ι
625 2895 728 2962 quum
752 2871 932 2962 praesertim
951 2871 1056 2934 sicubi
1077 2873 1318 2962 Augustiniana

242 2982 400 3070 scriptura
417 2979 503 3044 ultra
519 2979 638 3044 limites
654 2980 809 3044 Tullianae
826 2976 992 3066 procedit,
1012 2977 1059 3040 ibi
1074 3001 1207 3066 quoque
1220 2977 1318 3042 Tiro-

241 3087 412 3150 nianarum
430 3101 582 3149 notarum
596 3086 752 3150 comitatu
766 3107 834 3149 non
854 3099 969 3148 careat.
987 3085 1063 3148 Haec
1074 3085 1184 3148 omnia
1197 3082 1319 3149 codicis

243 3192 412 3281 {enigmata
434 3190 502 3270 ejus
519 3191 616 3279 plane
635 3190 761 3279 generis
785 3207 879 3271 sunt,
898 3187 988 3277 quod
1010 3187 1095 3253 docti
1120 3187 1262 3254 Maurini
1285 3207 1320 3254 et

245 3319 329 3384 saepe
351 3317 522 3360 occurrere
544 3311 576 3359 et
599 3317 667 3359 esse
694 3294 802 3359 adhuc
829 3293 1061 3382 inexplicatum
1089 3293 1219 3358 aiebant
1242 3293 1289 3382 (1)
1310 3319 1318 3358 :

244 3402 383 3466 combien
405 3401 445 3464 dc
466 3407 673 3480 manuscrits,
698 3397 740 3464 cit
759 3399 813 3464 des
829 3413 916 3462 notes
933 3401 1124 3462 tironicnnes
1138 3421 1183 3462 ‘cn
1206 3423 1320 3486 margc

244 3531 321 3572 nous
344 3521 526 3570 annonceut
546 3503 701 3594 pent-titre
722 3505 775 3569 des
797 3519 909 3570 secrete
931 3527 991 3594 que
1003 3505 1161 3592 personne
1176 3529 1215 3568 ne
1236 3520 1320 3569 rente

245 3612 510 3706 d'npprosorrdr'rl
530 3613 628 3676 Nunc
651 3627 778 3693 tamen,
800 3627 875 3701 post
891 3611 1091 3699 Carpentarii
1115 3613 1319 3700 aliorumque

246 3718 459 3783 vetustiorum
480 3734 635 3796 conatus,
659 3717 850 3782 Tironianas
873 3733 967 3780 notas
986 3716 1094 3806 amplo
1117 3731 1150 3780 et
1167 3718 1319 3781 immensi

245 3823 363 3888 laboris
392 3846 489 3911 opere
518 3823 647 3911 collegit
674 3822 909 3910 explicavitque
933 3822 983 3885 vir
1002 3823 1040 3886 cl.
1067 3823 1212 3912 Kappins
1239 3823 1286 3910 (2)
1311 3846 1319 3886 τ

279 4005 319 4070 (ι)
336 4007 454 4054 Noeweau
468 4005 539 4052 traite'
550 4003 610 4067 dr'pt
622 4017 681 4052 tom.
698 4005 750 4065 lll,
764 4021 818 4068 cap.
831 4018 877 4062 to,
893 4019 948 4067 pag.
963 4003 1021 4051 ⁵62.

280 4095 318 4159 (a)
339 4095 457 4160 duppius.
470 4096 505 4142 lta
517 4095 589 4141 etiam
602 4109 744 4157 expressum
758 4105 793 4141 est
812 4093 836 4140 in
852 4093 891 4141 ed.
903 4093 1042 4144 t'ittemrnit
1057 4093 1183 4140 Parisiensi
1199 4104 1223 4140 ct
1237 4093 1260 4138 in
1275 4093 1318 4142 ed.

244 4183 406 4248 Londincnsi,
418 4184 524 4248 itemque
535 4183 561 4232 in
575 4183 613 4232 ed.
632 4182 780 4232 Stelnaekeri
795 4193 817 4232 et
832 4183 1046 4248 quhanotrophei
1062 4181 1190 4244 liniensis,
1205 4191 1232 4230 ut
1246 4183 1319 4230 etiam
