2874 4898
245 475 266 518 x
432 445 550 515 NOVl
576 445 791 516 EDlTORlS
816 447 1124 519 PRAEMONITIO.

244 585 331 643 sunt
345 568 389 640 ad
403 569 633 666 propositum
649 583 814 640 nostrum
833 573 987 642 maxime
1002 570 1142 645 idonea.
1166 579 1318 665 Davisii,

244 669 372 766 saepius
385 667 458 762 jam
475 666 520 738 de
537 665 662 758 nobis,
682 681 718 737 et
738 668 775 736 in
795 669 920 765 primis
936 669 974 738 in
988 670 1201 747 Tusculanis
1220 677 1319 766 Quae·

246 764 445 851 stionibus,
479 763 576 834 bene
604 766 740 851 meriti,
769 763 1022 837 adnotationes
1058 767 1155 840 baud
1186 795 1319 869 paucas

244 863 453 948 retulimus,
483 862 586 956 cujus
619 877 766 934 actuum
798 876 834 933 et
864 885 971 960 sagax
1000 866 1187 962 ingenium
1218 869 1317 942 haud

246 960 356 1033 semel
385 957 430 1030 ad
460 981 589 1056 pravos
617 960 716 1030 locos
747 959 993 1032 emendandos
1016 961 1167 1035 feliciter
1194 967 1316 1038 valuit.

246 1062 469 1130 Creuzerum
488 1081 638 1155 quoque
654 1081 696 1128 ac
714 1056 1035 1154 Wyttenbacbium
1056 1085 1150 1160 saepe
1171 1065 1318 1135 induxi-

247 1180 329 1227 mus
348 1155 393 1225 de
412 1156 454 1224 iis
475 1180 556 1251 quae
576 1153 621 1225 ad
640 1178 832 1226 romanum
851 1154 927 1250 jus,
945 1172 1009 1227 aut
1027 1182 1114 1230 usus
1132 1162 1319 1259 antiquos,

244 1267 394 1326 autres
427 1251 616 1323 historicas
648 1266 831 1350 spectant,
864 1251 1071 1328 doctissime
1089 1255 1316 1331 disserentes.

245 1352 379 1422 Moseri
394 1350 507 1448 ipsius
522 1351 775 1446 adnotationes
787 1348 915 1420 crebro
929 1354 1198 1450 usurpavimus,
1214 1357 1318 1452 cujus

243 1450 390 1520 maximi
409 1462 463 1519 est
482 1450 659 1519 momenti
675 1447 719 1518 ad
739 1446 838 1518 litem
859 1447 1095 1521 dirimendam
1110 1457 1315 1526 auctoritas.

244 1545 314 1619 Sed
338 1544 420 1617 fons
443 1545 563 1617 nullus
582 1545 689 1617 nobis
712 1544 859 1618 uberior
877 1562 1022 1643 apertus
1041 1562 1096 1618 est
1118 1573 1226 1645 quam
1251 1557 1318 1623 Ha·

243 1643 360 1716 driani
391 1643 550 1714 Turnebi
583 1644 882 1725 commentarius,
911 1669 1021 1740 quem
1049 1649 1213 1718 Moserus
1245 1673 1318 1720 suae

245 1740 397 1814 editioni
409 1742 605 1837 justissima
619 1765 725 1812 causa
740 1738 923 1835 adjunxit3
941 1741 991 1812 illi
1010 1745 1107 1814 enim
1122 1746 1217 1829 viro,
1234 1771 1317 1818 vere

246 1837 410 1926 erudito,
428 1853 600 1936 vastaque
620 1837 872 1910 reconditioris
889 1837 1060 1910 doctrinae
1078 1865 1146 1939 sup
1175 1843 1318 1914 ellectili

245 1952 390 2024 ornut0,
407 1941 480 2008 sive
495 1937 540 2008 de
556 1936 666 2007 rebus
684 1936 860 2006 historicis
873 1933 1038 2022 disserat,
1056 1941 1129 2011 sive
1143 1867 1188 2010 tle
1201 1940 1318 2037 pbilo-

245 2034 420 2133 sophicis,
442 2037 515 2105 sive
538 2038 786 2104 Romanorum
812 2033 907 2128 leges
936 2057 1094 2131 ususque
1119 2035 1317 2124 describat,

244 2135 318 2205 sive
336 2133 521 2204 Ciceronis
534 2133 730 2202 sententias
747 2133 1017 2228 interpretetur,
1037 2149 1099 2204 aut
1110 2134 1266 2206 illustret
1276 2161 1317 2208 ac

247 2229 406 2312 evolvat,
419 2233 478 2298 vix
496 2226 597 2299 facile
616 2228 777 2298 invenias
793 2251 926 2324 parem.

294 2333 345 2398 Ex
366 2328 547 2397 Goerenzii
567 2327 766 2424 posteriore
784 2325 1001 2422 editione(1)
1015 2328 1190 2402 nonnulla
1208 2334 1317 2401 etiam

243 2425 536 2524 exprompsimnp
553 2445 638 2520 quae
658 2422 764 2519 nobis
786 2447 805 2492 a
831 2427 974 2494 Mosero
990 2427 1063 2495 visa
1084 2441 1169 2496 sunt
1189 2429 1316 2500 imme·

246 2528 317 2594 rito
331 2515 510 2619 negl‘e'eta‘,
528 2508 566 2620 pl
581 2517 834 2631 eia-‘primum
851 2545 932 2618 quae
948 2519 993 2592 ad
1008 2525 1165 2619 primum
1181 2524 1314 2596 librum

246 2609 849 2728 pertinent-Upiuscrijustjiie'llbri
866 2617 954 2688 calci
972 2618 1171 2692 laudabiles
1183 2625 1317 2694 Moseri

246 2733 285 2790 et
312 2703 967 2812 Creuzeri§Etdtitstitiapposuimum
992 2741 1111 2813 neque
1130 2718 1245 2792 ullum
1269 2744 1316 2792 ex

247 2817 317 2887 illis
334 2817 500 2908 omittere
517 2800 763 2898 fas-duximus,
781 2837 827 2884 ne
842 2813 915 2884 ulla
930 2814 1221 2888 desiderarentur
1234 2841 1315 2914 quae

248 2895 431 3009 adjuvard'
443 2892 665 3011 piisitin'tffdtl'
672 2899 953 3009 intelligendum
972 2911 1088 3009 probe
1106 2929 1313 2986 contextum

247 3011 357 3106 hujus
393 3014 529 3108 operis,
563 2990 664 3105 quod
696 3004 964 3103 jurisconsultis
998 3023 1162 3081 veterum
1192 3012 1314 3109 legum

247 3108 403 3179 historiae
421 3107 592 3178 studiosis
609 3107 758 3194 maximi
777 3108 884 3203 pretii
903 3107 1035 3178 auxilia
1058 3107 1275 3206 suppeditat.

286 3321 328 3402 (r)
348 3327 412 3382 «Μ.
430 3327 465 3382 Τ.
485 3323 634 3382 Ciceronis
659 3323 865 3401 Philosopbica
888 3325 993 3384 omnia.
1014 3329 1058 3383 Ex
1080 3325 1195 3403 seriptis
1215 3341 1315 3386 recens

246 3403 359 3462 collatis
380 3403 523 3482 editisque
545 3402 629 3462 libris
649 3404 815 3481 castigatius
832 3417 861 3462 et
882 3404 1052 3482 explicatius
1070 3405 1162 3464 edidit
1179 3413 1224 3465 Jo.
1244 3415 1314 3486 Arrg.

244 3487 379 3542 Goerenz.
391 3483 532 3543 volumen
550 3484 690 3562 primum,
706 3483 743 3542 de
756 3483 881 3562 Legibus
896 3483 986 3543 libros
1008 3485 1248 3546 tres-continens.
1268 3489 1315 3546 Li·

247 3565 335 3640 psiae,
355 3563 448 3641 1809,
471 3565 501 3622 in
519 3563 638 3623 libraria
651 3563 865 3622 Weidmannia.
882 3563 1023 3634 Londini,
1039 3565 1116 3644 apud
1132 3571 1157 3625 J.
1173 3571 1269 3644 Payne
1286 3581 1316 3625 ct

251 3643 415 3720 Maelinlay
429 3657 458 3701 et
472 3647 518 3700 W.
531 3649 567 3703 H.
580 3647 664 3702 Luna
678 3675 697 3701 ι.

679 3913 881 3942 «οσο-
