2874 4898
227 432 274 516 40
591 429 932 511 ANGELIMAII

224 577 243 616 a
268 549 381 618 codice
406 550 538 616 exsulat.
567 549 631 616 Sed
653 553 741 616 enim
767 553 853 618 tertii
870 552 944 616 libri
961 552 1021 616 etsi
1047 550 1192 640 reliquie
1218 573 1299 620 sunt
1343 603 1353 622 .

223 660 382 748 preclare
405 674 438 724 et
453 659 657 740 certissimas,
677 659 808 724 titulum
825 677 934 726 temen
955 659 1054 724 semel
1074 661 1180 726 rideo.
1201 663 1298 754 Pagi·

222 789 297 830 nam
316 764 377 832 156
394 779 496 838 totam
511 779 648 852 occupat
668 765 781 830 titulus
797 765 1030 856 spatiosissime
1046 767 1184 854 scriptus
1197 791 1239 831 ns
1254 791 1299 834 ιι

222 895 360 938 rnnntcs
383 894 447 936 nte.
472 893 536 935 ιιι.
558 894 596 935 ιι.
621 871 657 934 In
680 870 813 936 decime
836 872 960 962 paginae
977 870 1123 938 secundo
1139 871 1297 940 laterculo

220 977 374 1044 scribitur
390 999 424 1042 u.
443 998 538 1040 ruunt
557 997 665 1040 ercan.
682 998 724 1040 ns
736 999 807 1044 ner.
826 999 923 1042 ιιιιι
939 999 977 1044 ιι.
995 999 1225 1044 sxr.1rtc.n1n.
1242 1003 1294 1045 ιιι.

218 1083 268 1148 Ex
283 1105 351 1172 quo
368 1083 597 1170 cognoscimus
616 1082 784 1148 Ciceronis
798 1105 919 1147 nomen
937 1083 1073 1172 singulis
1089 1083 1179 1167 libris
1194 1084 1297 1151 fuisse

218 1188 413 1268 subjectum.
434 1185 604 1252 Interdum
629 1186 740 1252 titulos
764 1188 930 1277 superiore
947 1189 982 1250 in
1005 1189 1151 1277 margine
1173 1191 1295 1256 frustra

220 1315 362 1382 queres,
381 1292 447 1356 sive
465 1291 631 1356 oblivione
649 1291 791 1374 librarii,
807 1293 874 1356 sive
892 1292 1098 1358 rescribentis
1114 1293 1295 1377 ablutione,

217 1423 276 1466 seu
287 1398 455 1464 vetustatis
468 1397 595 1479 injuria.
613 1400 737 1482 Quater
751 1400 847 1464 etiam
865 1397 983 1462 accidit
996 1398 1061 1487 (ι),
1076 1415 1113 1462 ut
1126 1401 1201 1466 libri
1215 1419 1293 1467 nota

213 1506 389 1570 numeralis
407 1505 440 1568 in
457 1504 579 1569 mendo
594 1505 713 1587 cubet,
725 1527 844 1593 nempe
858 1505 873 1569 1
890 1527 951 1592 pro
967 1505 1000 1568 ΙΙ
1012 1552 1021 1585 ,
1034 1526 1133 1592 quem
1147 1528 1291 1572 errorem

185 1697 188 1704 ¹
215 1633 317 1676 nexus
341 1610 482 1676 materie
505 1610 702 1674 certissimus
724 1610 886 1698 objurget.
909 1608 999 1674 Folia
1023 1609 1144 1676 codicis
1166 1613 1292 1703 integra

215 1734 307 1798 sunt,
318 1733 435 1806 praeter
447 1739 551 1781 unum
565 1718 687 1806 angulo
705 1716 895 1797 multatum,
911 1718 1115 1802 alterumque
1129 1716 1291 1784 diffissum

214 1833 273 1888 seu
288 1819 421 1886 dimidia
434 1837 524 1910 parte
537 1822 760 1886 imminutum.
776 1819 905 1907 Paginae
925 1821 1087 1909 pleresque
1101 1822 1189 1888 lectu
1203 1825 1288 1888 facii-

216 1933 300 1996 iimae
317 1954 325 1996 ε
339 1953 449 2020 paucae
466 1952 544 1998 rero
563 1929 639 2006 satis
657 1929 839 1994 obscurans
854 1945 950 2008 sunt;
967 1929 1011 1992 ita
1029 1945 1153 2008 tamen,
1168 1947 1206 1995 ut
1218 1946 1292 1996 toto

215 2037 249 2099 in
267 2036 379 2102 codice
390 2059 511 2125 paucos
530 2033 654 2122 oppido
670 2055 782 2098 versus
796 2030 969 2100 difficultas
982 2034 1110 2123 legendi
1128 2036 1209 2100 mibi
1226 2038 1292 2102 eri-

215 2159 333 2236 puerit.

307 2301 363 2362 xl.
388 2299 589 2388 Palimpsesti
597 2300 815 2388 perturbatio,
835 2301 960 2364 lutcunoe
975 2313 1007 2363 et
1022 2299 1185 2364 restitutio.

257 2505 377 2569 Praeter
388 2501 637 2584 obscuritatem,
651 2525 748 2590 quam
764 2501 830 2568 dixi
847 2507 881 2566 in
896 2503 960 2568 hoc
971 2503 1085 2568 codice
1100 2503 1285 2590 minimam,

218 2611 285 2674 duo
310 2624 388 2672 sunt
415 2606 700 2696 palimpsestorum
725 2607 951 2691 incommoda,
970 2610 1173 2698 perturbatio
1191 2628 1292 2702 atque

214 2713 417 2804 imperfectio
435 2737 443 2778 τ
460 2727 639 2800 utrumque
653 2731 762 2777 autem
780 2713 857 2780 hnic
870 2713 976 2779 codici
993 2737 1060 2779 non
1079 2715 1289 2784 mediocriter

214 2820 341 2886 accidit.
363 2822 489 2908 Atque,
508 2834 547 2882 ut
564 2817 607 2882 de
625 2820 734 2908 priore
750 2821 893 2908 primum
911 2820 1038 2909 loquar,
1054 2821 1128 2885 fona
1152 2822 1287 2910 quidem

218 2930 302 3017 (quae
318 2941 459 3015 quatuor
475 2927 615 3014 exceptis
636 2926 745 2991 omnis
763 2942 841 2990 sunt
858 2927 959 3015 paria)
981 2927 1074 2992 solita
1093 2930 1289 2996 confusione

215 3034 374 3124 permixta
386 3049 481 3115 sunt,
498 3056 597 3121 quam
611 3055 680 3098 rem
696 3049 782 3098 notoe
799 3031 920 3098 codicis
939 3032 1141 3116 numerales,
1159 3057 1238 3124 quas
1253 3037 1286 3100 in

129 3149 137 3162 ’
215 3163 285 3208 mea
309 3137 452 3203 editione
485 3140 623 3221 servavi,
640 3141 792 3229 'apprime
822 3138 1057 3206 demonstrant.
1083 3141 1153 3204 Jam
1179 3141 1286 3207 ordini

216 3241 419 3311 restituendo
443 3244 535 3309 valde
558 3246 667 3328 favent
693 3245 946 3334 quaternionum
976 3263 1061 3309 notae
1088 3249 1287 3334 superstites.

218 3355 306 3436 Quas
332 3369 370 3415 ut
395 3351 449 3416 hic
480 3373 684 3434 enumerem;
719 3351 814 3440 primi
841 3351 976 3440 quidem
1001 3352 1225 3440 quaternionis
1253 3373 1286 3420 et

216 3457 350 3526 secundi
369 3439 495 3524 nuilum
511 3457 627 3523 folium
643 3481 813 3548 superesse
825 3457 930 3522 video.
943 3459 1045 3524 Tertii
1063 3461 1285 3547 quaternionis

215 3565 416 3633 desideratur
432 3566 574 3656 primum
589 3565 704 3630 folium
716 3566 782 3630 sive
793 3565 965 3646 extimum,
975 3564 1008 3629 in
1020 3564 1114 3646 cujus
1128 3566 1284 3631 nimirum

216 3675 301 3738 calce
330 3689 405 3738 nota
428 3672 650 3762 quaternionis
678 3672 775 3738 scribi
799 3673 890 3738 solet.
920 3676 947 3738 Α
976 3689 1094 3760 quarto
1121 3673 1285 3762 incipiunt

217 3797 302 3846 notre
321 3801 363 3860 rr,
387 3802 418 3860 r,
434 3803 486 3861 vr,
505 3801 571 3860 vn,
592 3801 670 3861 vm,
697 3803 740 3846 rx.
762 3777 844 3842 Exin
864 3777 1026 3867 usquead
1047 3779 1178 3844 tertium
1195 3777 1284 3844 deci·

216 3907 308 3948 mum
329 3885 575 3972 quaternionem
601 3883 769 3972 inceptum
796 3899 874 3947 sunt
898 3883 974 3947 folia
1005 3884 1093 3971 paria
1120 3883 1284 3964 interjecta
1306 3876 1309 3886 ’

216 4008 291 4056 octo
304 3991 427 4079 absque
442 3991 543 4070 notis,
558 4011 693 4078 nempe,
706 4006 745 4054 ut
754 3989 1015 4069 conjecturaliter
1023 3989 1153 4072 judico,
1167 3989 1285 4056 decimi

248 4213 287 4280 (t)
305 4214 366 4263 Cod.
381 4231 423 4279 pp.
439 4215 498 4274 167,
514 4214 579 4281 239,
596 4215 643 4274 287
673 4215 732 4276 ιδῃ.
