2874 4898
272 505 293 586 κ,
560 459 566 470 ’
632 503 676 568 o.
703 505 744 570 a.
773 501 981 569 mosem

271 611 339 716 gini
354 621 508 712 adscripsi
525 622 656 710 paginas
672 621 746 688 edd.
763 625 883 713 Stuttg.
904 639 938 687 et
956 621 1094 688 londin.
1115 622 1157 688 ad
1180 626 1343 714 exemplar

269 751 443 795 romanum
465 751 696 817 expressarum.
716 727 844 794 Indices
860 730 951 811 auxi,
970 744 1018 809 et,
1034 751 1107 816 que
1124 752 1143 792 a
1168 751 1220 796 me
1233 727 1348 794 addita.

270 851 362 917 sunt,
379 835 424 899 ita
441 832 580 899 describi
596 834 688 916 jussi,
709 849 747 898 ut
758 832 898 899 discerni
915 834 1042 922 possint
1058 833 1100 897 ab
1113 834 1171 916 iis,
1182 857 1255 924 quae
1267 835 1342 899 alie·

212 999 222 1014 ,
270 965 320 1006 nte
337 940 505 1006 industriae
527 939 697 1028 debentur.
714 941 849 1005 Curavit
866 939 1053 1028 redemptor
1073 940 1341 1023 honestissimus,

269 1065 308 1113 ut
320 1047 506 1113 chartarum
523 1069 590 1112 non
605 1045 705 1112 modo
719 1063 753 1112 et
766 1063 921 1136 typorum
936 1047 1043 1110 nitore
1061 1047 1235 1136 conspicua
1259 1065 1343 1112 esset

269 1156 339 1218 brec
352 1152 470 1236 editio,
486 1151 542 1218 sed
555 1154 652 1217 etiam
668 1169 725 1235 ut,
739 1175 838 1242 quam
850 1168 961 1241 posset
973 1149 1060 1234 steri,
1073 1150 1220 1240 prodiret
1233 1175 1343 1218 emen-

271 1259 445 1326 datissima.
471 1257 571 1356 Quod
595 1259 700 1324 sicubi
723 1259 827 1324 nihilo
845 1259 954 1323 minus
972 1274 1141 1347 peccatum
1166 1275 1232 1342 eat,
1252 1257 1286 1323 id
1309 1275 1344 1323 et

269 1389 342 1432 raro
357 1365 478 1430 lactum
493 1381 561 1446 est,
580 1381 612 1430 et
630 1365 729 1447 mihi,
744 1365 802 1454 qui
816 1388 883 1429 non
903 1365 965 1430 nisi
979 1365 1123 1454 plagulas
1132 1365 1197 1446 jam
1210 1387 1342 1430 excusas

269 1471 356 1551 vidi,
368 1494 436 1537 non
449 1471 511 1544 erit
525 1470 605 1535 vitio
617 1469 823 1537 vertendum.
835 1473 988 1536 Ceterum
1005 1493 1109 1559 quum
1124 1471 1207 1535 ultra
1218 1493 1343 1536 annum

271 1580 306 1642 in
325 1575 540 1644 describendo
566 1577 650 1642 libro
674 1593 857 1643 versaretur
880 1577 1120 1668 typographus,
1136 1579 1257 1642 factum
1276 1598 1342 1660 est,

270 1702 323 1766 ut,
336 1705 440 1772 quum
456 1705 523 1748 non
540 1683 677 1772 amplius
689 1689 721 1748 in
733 1683 885 1748 manibus
896 1683 977 1747 meis
986 1700 1071 1748 esset
1079 1683 1170 1768 liber,
1181 1683 1343 1772 quedam,

271 1813 344 1880 qum
359 1790 410 1853 vel
426 1786 631 1856 emendando
646 1789 697 1855 vel
709 1787 859 1880 augendo
877 1776 1112 1854 commentario
1129 1790 1342 1874 inservirent,

270 1918 394 1986 perque
409 1896 473 1961 hoc
486 1912 634 1985 tempus,
654 1912 693 1961 ut
706 1895 761 1979 fit,
779 1911 1033 1978 succrescerent,
1051 1895 1093 1960 ad
1109 1897 1228 1960 calcem
1247 1895 1343 1978 libri,

270 2001 361 2092 quod
376 2004 444 2091 ipse
462 2003 496 2066 in
513 2003 582 2066 aliis
599 1999 837 2092 reprehendere
853 2001 958 2084 soleo,
975 2017 1083 2066 essent
1100 2001 1296 2092 rejicienda(
1320 2001 1343 2090 )

272 2108 354 2190 Quae
379 2123 487 2172 tamen
506 2124 546 2171 ut
568 2107 779 2171 conferantur
801 2129 876 2170 cum
903 2106 1009 2194 operis
1033 2122 1188 2178 contextu
1207 2124 1240 2173 et
1256 2130 1344 2172 cotn-

271 2215 449 2296 mentario,
466 2228 596 2302 rogatos
610 2214 684 2278 volo
697 2235 847 2278 censores
858 2212 1022 2301 primurn,
1037 2229 1108 2277 turn
1122 2215 1258 2279 lectores
1269 2236 1344 2279 om·

160 2307 166 2320 ’
272 2342 340 2385 nes.
358 2319 624 2409 orthographiae,
643 2342 743 2408 quam
758 2317 891 2402 dicunt,
905 2319 1078 2401 rationem,
1095 2342 1194 2407 quam
1206 2321 1344 2409 partim,

271 2425 400 2516 qualem
414 2425 546 2490 exbibet
563 2425 666 2491 codex
679 2427 873 2514 rescriptas,
888 2426 1025 2490 servavit
1033 2429 1072 2490 A.
1086 2425 1210 2508 Maius,
1224 2429 1345 2516 partim

271 2533 471 2615 immutavit,
491 2555 630 2621 quaeque
656 2548 705 2597 est
726 2533 760 2596 in
780 2529 893 2596 codice
912 2531 1086 2620 sepissime
1109 2531 1204 2615 falsa,
1222 2555 1307 2621 saepe
1326 2557 1346 2598 a

271 2655 401 2727 recepta
420 2636 574 2704 recedens
589 2655 622 2704 et
637 2661 711 2703 vere
728 2640 883 2726 antiqua,
900 2637 985 2701 hanc
1004 2638 1104 2726 igitur
1121 2636 1211 2728 quod
1221 2639 1345 2704 immu-

272 2747 355 2827 tavi,
368 2743 409 2809 ad
422 2767 559 2834 eamque
571 2767 739 2827 normam,
756 2767 829 2833 que
842 2742 940 2808 hodie
955 2744 990 2828 in
1002 2744 1132 2832 optimis
1143 2743 1346 2812 editionibus

273 2849 417 2931 obtinet,
440 2849 632 2915 Heinrichio
657 2864 846 2939 preeunte,
869 2847 1128 2930 accommodavi,
1145 2847 1179 2914 id
1201 2849 1276 2914 ideo
1294 2852 1346 2916 fa-

274 2955 429 3022 ciendum
448 2955 545 3032 duxi,
561 2955 650 3044 quod
667 2953 818 3019 nondum
837 2955 932 3043 plane
948 2954 981 3018 in
998 2954 1133 3043 singulis
1147 2955 1282 3020 vocibus
1301 2958 1348 3023 ad

273 3061 435 3150 liquidum
459 3061 616 3149 perducta
641 3078 690 3126 est
715 3083 751 3124 ea
777 3059 941 3126 scribendi
962 3061 1060 3142 ratio,
1081 3084 1154 3148 quae
1174 3061 1346 3128 Ciceronis

274 3183 367 3233 aetate
386 3167 580 3250 obtinuerit,
598 3183 637 3231 ut
652 3167 863 3256 plerumque,
879 3167 937 3254 qui
951 3187 1056 3230 unum
1073 3165 1251 3231 alterumve
1267 3191 1347 3232 cor-

274 3273 357 3362 rigat
383 3272 423 3337 ad
448 3291 568 3340 certam
593 3273 772 3353 rationem,
796 3273 831 3336 in
855 3271 966 3336 multis
993 3287 1100 3336 tamen
1124 3271 1344 3340 recentiorem

274 3403 372 3444 usum
388 3397 509 3464 servet,
532 3403 637 3468 eoque
656 3381 864 3469 scriptionem
882 3376 1033 3462 inducat,
1054 3395 1092 3443 ut
1114 3379 1155 3444 ab
1173 3403 1236 3444 usu
1251 3403 1347 3446 rece·

276 3503 335 3575 pto
350 3487 596 3570 abhorrentem,
613 3487 657 3552 ita
674 3510 713 3552 eo
728 3503 836 3551 tamen
853 3509 921 3550 non
939 3485 1110 3550 certiorem
1127 3509 1263 3574 eamque
1282 3487 1347 3554 sibi

276 3591 337 3680 ipsi
353 3614 421 3656 non
435 3609 637 3658 constantem
641 3637 1340 3660 ................................

384 3728 523 3777 scribebam
536 3728 614 3776 Ulma·
625 3726 706 3776 idibus
721 3727 849 3776 februariis
864 3726 1076 3776 tincccxttvt.

313 3903 351 3969 (ι)
367 3907 415 3964 Er,
430 3906 515 3969 siquae
526 3905 609 3954 saltem
621 3905 693 3969 digna
707 3915 786 3964 essem
800 3919 854 3968 que
869 3915 1034 3964 servarentur,
1053 3920 1098 3952 nor
1111 3920 1157 3953 sno
1170 3921 1273 3968 queque
1287 3905 1349 3956 loro

279 3993 438 4057 reposabant.
456 3996 502 4042 En.

649 4163 984 4190 ·-----nr.·a-—---
