2874 4898
248 407 292 478 32
494 477 496 484 ¹
605 396 805 466 ANGELI
832 331 955 464 Mitt

243 517 649 606 Treverensicredendum
666 517 708 580 sit
721 515 891 598 judicabo,
909 537 1012 603 quum
1035 513 1068 576 in
1086 514 1193 578 lucem
1214 535 1316 578 vene·

244 636 326 715 rint,
342 652 416 720 quae
432 626 545 692 retulit
560 625 601 690 de
619 625 701 712 Rep'.
718 622 883 688 Ciceronis
895 651 919 686 ι.
935 621 1038 686 Porro
1054 641 1159 707 quum
1178 618 1326 683 cardina-

248 743 284 805 lis
304 736 448 804 Bessario
467 735 510 798 ob
534 729 769 820 inquirendum
793 728 958 794 Ciceronis
978 726 1019 791 de
1037 727 1223 814 Rep.,opus
1245 729 1323 814 plus

245 846 332 912 mille
353 861 528 908 aureorum
546 836 758 925 insumpsisse
773 835 919 898 tradatur
926 832 990 921 (r),
1013 853 1183 920 quumque
1200 831 1323 921 Pogius

246 955 281 1018 in
299 947 495 1016 Bessarionis
510 942 657 1009 clientela
677 941 776 1005 fuerit
790 940 853 1028 (2),
870 939 997 1027 opinari
1013 939 1088 1002 licet
1099 937 1323 1002 Bessarionem

247 1079 344 1123 osum
365 1077 434 1119 esse
456 1051 649 1139 vestigatore
671 1046 774 1134 Pogio
798 1060 850 1108 tot
867 1044 933 1124 jam
950 1057 1098 1107 veterum
1115 1040 1323 1106 voluminum

247 1165 431 1230 felicissimo
451 1161 631 1222 inventore.
648 1191 693 1204 --
711 1156 761 1218 lo.
789 1151 967 1233 Lalandos,
990 1151 1047 1238 qui
1070 1151 1324 1214 commentarios

228 1269 289 1336 ·de
305 1253 517 1356 scriptoribus
534 1258 726 1326 Britannicis
741 1255 859 1337 edidit,
874 1277 913 1320 ex
928 1255 1051 1320 incerta
1066 1255 1150 1318 fama
1163 1254 1262 1319 refert
1273 1254 1323 1344 (3)

249 1373 413 1442 Ciceronis
430 1369 575 1436 codicem
595 1365 637 1429 de
653 1366 733 1452 Rep.
752 1377 891 1426 exeunte
909 1359 1027 1424 saeculo
1044 1361 1103 1423 XV
1122 1358 1221 1426 fuisse
1237 1361 1325 1424 inter

250 1482 350 1548 libros
364 1477 517 1544 Gulielmi
529 1473 629 1538 Tillaei
644 1473 678 1534 in
693 1467 826 1558 Anglia,
840 1466 898 1532 sed
909 1465 1031 1531 ibidem
1043 1465 1194 1530 incendio
1205 1466 1324 1533 deinde

250 1590 472 1674 absumptum.
499 1619 543 1630 -
559 1581 608 1644 lo.
626 1576 789 1642 Sturmius
804 1596 893 1637 anno
911 1571 993 1636 1552
1009 1571 1142 1660 epistola
1159 1571 1199 1635 ad
1216 1574 1325 1662 Roge-

250 1718 325 1760 rum
338 1693 553 1767 Ascbamum,
565 1709 597 1774 p.
616 1683 697 1764 534,
714 1682 758 1746 ait
770 1704 778 1746 ι
792 1711 807 1737 ι
819 1679 876 1744 sed
889 1701 982 1759 ecce,
999 1679 1170 1762 Asebnme,
1189 1678 1323 1767 quidam

250 1806 284 1870 in
304 1804 365 1868 hac
380 1799 497 1864 vicinia
515 1794 618 1884 (urbis
636 1788 857 1881 Argentorati)
878 1787 958 1852 mibi
978 1788 1128 1876 promisit
1145 1789 1244 1853 libros
1268 1789 1324 1853 Ci-

252 1912 379 1980 ceronis
403 1905 444 1970 de
466 1906 547 1991 llep.
571 1899 679 1964 Sexies
703 1896 784 1960 mihi
808 1893 943 1958 adeum
967 1895 1022 1958 :si
1048 1893 1246 1976 adferantur,
1269 1918 1324 1958 me

252 2017 333 2110 quid
356 2013 476 2105 poterit
498 2031 568 2072 esse
589 2001 738 2070 beatius?
761 2001 956 2065 senatoriam
976 2023 1040 2089 prae
1064 2023 1116 2065 me
1134 2001 1324 2091 gravitatem

251 2127 352 2191 ieram
367 2144 409 2185 ex
430 2117 562 2203 antiqua
579 2109 765 2198 disciplina,
783 2109 809 2171 si
830 2108 997 2172 obtinebo.
1016 2105 1080 2172 Sed
1099 2123 1136 2170 ut
1153 2129 1242 2170 nunc
1259 2107 1325 2170 bo-

253 2232 356 2296 mines
375 2239 470 2304 sunt,
488 2218 579 2284 valde
606 2233 732 2296 metuo,
751 2236 793 2278 ne
811 2213 853 2277 sit
868 2213 950 2276 nihil
971 2235 979 2276 :
999 2210 1055 2276 sed
1075 2213 1102 2276 si
1120 2235 1233 2276 vertam
1254 2213 1323 2278 sit:

252 2337 379 2403 mittam
402 2331 498 2394 etiam
522 2325 600 2401 tibi,
621 2339 681 2387 etc.
702 2343 799 2409 quam
817 2342 942 2402 vereor,
964 2340 1005 2382 ne
1026 2318 1067 2382 sit
1087 2318 1188 2382 nihil!
1208 2341 1325 2383 verum
1427 2303 1428 2308 ἵ

252 2463 357 2510 tamen
377 2441 410 2502 in
435 2433 570 2523 epistola
593 2451 691 2519 quam
707 2428 748 2492 ad
766 2449 817 2490 me
840 2425 984 2514 scripsit,
1001 2424 1129 2513 attingit
1143 2423 1214 2490 loca
1233 2447 1324 2512 qute-

252 2551 327 2616 dam
350 2562 514 2611 eteorum
530 2551 739 2628 argumenta,
760 2557 832 2622 quae
849 2555 916 2596 non
938 2546 1019 2619 puto
1038 2553 1107 2594 esse
1124 2530 1164 2594 de
1182 2531 1284 2594 nihilo
1300 2564 1324 2594 υ.

252 2655 384 2722 Utinam
406 2669 480 2712 vere
499 2645 650 2710 distincte
668 2654 879 2705 memorasset
897 2635 1059 2700 Sturmius
1085 2657 1122 2698 ca
1150 2637 1219 2699 loca
1239 2651 1270 2698 et
1286 2659 1325 2700 ea

253 2753 459 2852 argumenta!
480 2773 569 2815 nunc
594 2749 681 2813 enim
700 2745 875 2809 Vaticanus
897 2741 1000 2806 codex
1018 2743 1152 2804 l’ortasse
1175 2739 1325 2824 doceret,

255 2887 393 2934 verusne
419 2859 535 2925 fuisset
558 2856 611 2920 ille
635 2873 760 2933 rumor,
781 2872 895 2914 necne.
919 2885 963 2897 -
992 2848 1062 2912 lam
1081 2863 1156 2935 post
1178 2848 1324 2935 elapsum

255 2969 435 3040 triennium
449 2966 518 3029 baec
536 2963 597 3051 ipsi
614 2959 758 3024 Sturmio
777 2955 937 3022 scribebat
952 2975 990 3017 ex
1008 2954 1124 3040 Anglia
1142 2953 1324 3018 Aschamus

254 3107 286 3172 p.
309 3101 352 3166 99
372 3069 581 3162 :nquaerebat
602 3091 621 3132 a
647 3089 699 3130 me
721 3062 823 3152 (card.
844 3059 973 3149 Polus),
992 3083 1032 3124 an
1057 3059 1236 3147 quidquam
1261 3081 1325 3148 ego

255 3189 414 3273 umquam
434 3177 500 3242 vidi
519 3175 560 3240 de
580 3173 671 3252 libris
689 3169 854 3235 Ciceronis
875 3166 914 3231 de
933 3169 1015 3254 Rep.
1033 3165 1147 3229 Aiebat
1167 3187 1201 3230 se
1223 3167 1326 3229 semel
1381 3223 1383 3228 .

256 3317 306 3358 nu
325 3287 471 3378 (Villcm.
485 3268 641 3370 expressit
658 3276 784 3362 millies)
803 3295 975 3339 aureorum
993 3270 1233 3359 consumpsisse
1246 3270 1325 3332 mit-

255 3396 356 3464 tendo
375 3408 464 3458 certo
488 3387 629 3477 quodam
648 3383 782 3448 homine
803 3382 836 3444 in
862 3378 1046 3459 Poloniann,
1070 3378 1128 3465 qui
1148 3398 1203 3440 eos
1224 3375 1325 3440 libros

255 3501 475 3595 perquireret,
492 3515 634 3584 quorum
658 3485 1011 3555 illic'inveniendorum
1029 3477 1120 3571 spem
1141 3481 1273 3570 quidam
1295 3484 1326 3546 ei

256 3615 386 3678 fecerat.
411 3607 482 3696 Ego
503 3603 610 3668 statim
635 3598 778 3677 namavi,
800 3591 880 3682 quid
900 3610 938 3656 tu
965 3589 1079 3656 adme
1101 3589 1178 3655 olim
1200 3588 1240 3654 de
1262 3589 1326 3654 illis

286 3799 324 3864 (1)
344 3794 436 3844 Fabric.
447 3789 514 3848 Bibl.
529 3790 585 3838 Lat.
600 3789 625 3834 in
647 3786 699 3834 Cic.
717 3782 786 3831 Nihil
799 3791 879 3829 umen
893 3781 928 3828 ait
940 3779 986 3828 bae
1000 3778 1030 3826 de
1044 3793 1070 3824 re
1084 3777 1218 3826 bandinius
1231 3777 1258 3824 in
1275 3776 1326 3824 viu

254 3883 420 3943 bennonim
441 3895 516 3944 quare
547 3877 604 3924 licet
628 3873 748 3946 suspicari
769 3870 898 3919 confusum
927 3884 982 3916 enm
1008 3867 1071 3915 Polo
1095 3865 1146 3929 (de
1171 3881 1222 3930 qno
1251 3865 1326 3930 mox)

254 3949 429 4028 bontionem,

292 4069 329 4131 (a)
346 4061 451 4112 nantia
463 4058 507 4106 vit.
519 4059 611 4106 Bant-
623 4067 679 4117 pag.
690 4067 732 4100 αι.

290 4159 330 4228 (3)
347 4155 420 4202 Tou.
435 4151 472 4212 11,
484 4164 537 4212 cap,
552 4145 599 4209 95,
613 4127 669 4209 pag.
681 4143 740 4199 483.
