2874 4898
247 463 267 505 a
514 467 517 474 ·
610 435 654 500 G.
681 433 724 500 H.
750 434 952 502 MOSERl

244 560 369 624 tionem
382 552 605 620 adornandam
621 552 861 636 adhibitorum,
879 554 954 618 satis
972 553 1054 618 mihi
1073 557 1258 644 exposuisse
1268 563 1320 626 vi-

245 641 334 730 deor.
351 663 481 746 Quibus
502 660 656 726 omnibus
672 683 872 750 quamquam
891 659 981 726 haud
998 683 1100 750 pauca
1116 663 1222 729 inesse
1237 689 1319 732 con-

245 769 341 837 fiteor
358 767 447 835 etad
465 767 637 833 lectionem
661 764 912 849 emendandam,
938 783 970 830 et
988 765 1095 832 adres
1113 769 1197 858 ipsas
1216 775 1320 862 expli·

246 873 363 942 caudas
380 874 566 956 utilissima,
583 871 775 960 paucissima
800 879 908 936 tamen
930 894 1046 936 eorum
1061 893 1218 964 praerepta
1238 879 1320 943 mibi

245 1005 314 1048 esse
334 981 418 1063 vidi,
438 1003 511 1069 quae
533 1001 593 1068 ego
619 978 660 1042 ad
676 978 738 1042 hos
757 977 857 1042 libros
876 979 911 1042 in
928 977 1063 1044 schedas
1082 982 1292 1062 conjecissem
1311 1009 1319 1048 :

244 1089 384 1155 subnata
400 1086 510 1175 potius
526 1085 603 1149 inde
622 1101 671 1148 est
686 1084 761 1148 satis
778 1084 864 1174 larga
880 1107 1039 1150 novarum
1054 1087 1321 1156 emendationum

245 1211 278 1260 et
289 1192 503 1258 vindiciarum
513 1189 601 1271 silva,
611 1205 644 1253 et
660 1212 743 1252 nova
759 1189 980 1254 exstititcausa
995 1189 1112 1255 edendi
1126 1193 1226 1259 totius
1239 1218 1321 1284 ope·

244 1302 307 1382 ris,
327 1299 407 1364 meis
418 1297 625 1384 aliorumque
642 1295 727 1359 curis
744 1295 903 1360 illustrati.
921 1297 999 1360 Erat
1014 1297 1187 1364 consilium
1210 1323 1321 1366 excer-

245 1403 345 1498 pendi
370 1428 408 1470 ex
427 1401 693 1468 annotationibus
713 1403 750 1466 A.
768 1400 845 1480 Maii
863 1425 916 1485 ea,
936 1426 1009 1490 quae
1022 1403 1064 1468 ad
1080 1427 1167 1470 meas
1182 1424 1321 1472 annota-

246 1514 352 1580 tiones
373 1507 598 1599 intelligendas
624 1524 733 1573 essent
751 1510 945 1593 necessaria,
963 1509 1108 1600 itemque
1124 1536 1177 1596 ea,
1201 1515 1322 1602 quibus

245 1642 296 1685 res
319 1619 397 1708 ipsae
414 1617 541 1707 egregie
558 1613 749 1680 viderentur
765 1637 834 1680 esse
847 1616 1018 1703 explicatae.
1032 1617 1096 1682 Sed
1113 1617 1194 1684 dum
1214 1619 1255 1686 ad
1269 1644 1324 1686 ex·

247 1721 401 1815 serpendi
414 1721 560 1787 laborem
577 1745 630 1786 me
640 1721 795 1811 accingo,
810 1744 913 1810 eaque
930 1722 1097 1788 secludere
1106 1725 1241 1813 incipio,
1250 1750 1324 1815 quae

247 1832 428 1902 omittenda
445 1829 645 1914 viderentur,
672 1830 795 1894 factum
820 1846 882 1912 est,
899 1846 937 1894 ut
958 1853 1121 1920 perpauca
1142 1831 1323 1900 admodum

246 1961 483 2032 supervacanea
503 1934 703 2016 viderentur,
730 1953 763 1999 et
787 1935 975 2023 repetendi,
1004 1936 1095 2024 quod
1119 1938 1153 2002 in
1179 1938 1324 2004 editione

247 2069 380 2138 quoque
399 2045 531 2110 Halensi
551 2044 758 2124 factumest,
778 2043 1003 2107 commentarii
1018 2043 1152 2134 integri,
1171 2044 1229 2110 sed
1249 2069 1324 2110 cor·

247 2154 327 2220 recti
352 2168 384 2216 et
407 2151 513 2230 aucti,
531 2148 703 2213 consilium
721 2148 794 2212 loco
810 2149 927 2240 prioris
944 2149 1086 2232 subiret,
1107 2149 1197 2238 quod
1214 2153 1325 2218 aviris

248 2257 371 2338 doctis,
386 2255 548 2341 justisque
573 2253 691 2316 harum
713 2276 823 2317 rerum
847 2253 975 2318 arbitris
998 2254 1087 2344 baud
1101 2256 1325 2346 improbatum

250 2363 290 2430 iri
302 2361 443 2430 confido.
460 2360 524 2424 Sed
542 2377 580 2424 ut
597 2357 637 2424 de
661 2362 697 2425 A.
718 2361 795 2424 Maii
819 2362 853 2426 ἰή
873 2361 934 2426 bos
955 2362 1055 2427 libros
1072 2365 1212 2446 meritis,
1229 2365 1324 2445 cujus

249 2495 311 2562 ego
326 2469 386 2534 viri
404 2466 554 2532 laudibus
570 2467 705 2531 minime
717 2468 866 2532 omnium
885 2467 1006 2558 aliquid
1024 2468 1205 2536 detractum
1215 2471 1326 2554 velim,

248 2577 361 2668 paucis
379 2591 506 2639 tantum
521 2571 690 2666 defungar,
709 2573 834 2638 faciunt
848 2573 995 2638 virorum
1014 2573 1188 2642 doctorum
1202 2577 1327 2659 judicia

248 2680 465 2774 publicasatis
475 2680 589 2758 multa,
604 2701 676 2766 quae
686 2701 793 2766 neque
810 2696 957 2768 repetere
972 2681 1097 2760 attinet,
1116 2705 1222 2770 neque
1237 2685 1328 2748 refu·

250 2807 318 2854 tare
333 2785 462 2851 animus
482 2799 538 2849 est.
551 2786 633 2868 Quis
651 2785 738 2848 enim
757 2808 824 2849 non
836 2783 1014 2850 admiretur
1022 2787 1083 2851 viri
1095 2788 1274 2855 doctissimi
1291 2790 1326 2854 in

198 2957 202 2968 ,
250 2890 447 2960 adornandis
464 2890 553 2954 hisce
571 2890 758 2980 fragmentis
779 2892 983 2980 sagacitatem
1003 2909 1101 2982 atque
1119 2916 1272 2976 acumen,
1291 2895 1327 2959 in

252 2998 464 3066 emendandis
483 2996 594 3062 multis
617 2997 695 3060 locis
717 2997 905 3085 lacunisque
924 2998 1090 3086 explendis
1111 2999 1275 3064 solertiam
1294 3019 1330 3066 et
1351 3051 1353 3054 -

165 3107 174 3126 ’
253 3105 451 3186 felicitatem,
468 3103 503 3165 iu
521 3099 727 3166 conferendis
741 3101 880 3166 aliorum
904 3103 1100 3191 scriptorum
1121 3105 1218 3188 locis,
1234 3106 1328 3170 inve·

253 3207 475 3301 stigandisque
503 3208 650 3272 fontibus
676 3209 841 3272 literarum
872 3209 1020 3274 notitiam
1051 3199 1264 3300 multiplicem
1295 3230 1329 3276 et

254 3317 322 3383 lere
342 3313 524 3380 infinitam?
547 3315 656 3397 Quare
682 3331 720 3379 ut
745 3314 815 3380 baec
838 3317 1011 3397 conjuncta
1035 3340 1111 3384 cum
1134 3341 1206 3384 mea
1229 3341 1329 3406 opera

255 3439 331 3488 ante
348 3422 460 3486 oculos
483 3422 656 3504 baberent,
677 3423 782 3512 iisque
799 3422 900 3510 copiis
920 3423 1104 3512 opibusque
1126 3426 1176 3489 uti
1194 3444 1329 3513 possent

254 3531 391 3595 lectores
410 3529 532 3611 nostri,
559 3527 742 3592 faciendum
763 3551 824 3618 ego
848 3531 980 3612 censui,
1004 3521 1094 3618 quod
1120 3531 1192 3596 leci.
1216 3531 1328 3597 Sicubi

256 3660 332 3703 vero
345 3660 455 3702 meum
461 3621 624 3720 ¹judicium
635 3660 654 3701 a
664 3638 724 3702 viri
737 3637 821 3701 illius
834 3629 994 3704 sententia
1005 3639 1242 3729 sejungendum
1259 3663 1330 3708 esse

258 3744 454 3826 existimavi,
470 3745 563 3834 quod
577 3747 611 3810 in
628 3746 767 3810 lectione
781 3745 1011 3812 constituenda
1029 3745 1117 3812 haud
1134 3769 1207 3814 raro
1221 3769 1330 3814 neces·

258 3851 377 3914 sarium
391 3851 497 3914 visum
513 3868 572 3931 est,
585 3850 619 3915 id
633 3867 669 3916 ut
678 3852 747 3916 sine
761 3850 943 3918 offensione
959 3851 1066 3936 fieret,
1082 3854 1199 3918 curavi.
1215 3854 1332 3920 schut-

258 3955 381 4019 zianam
398 3955 569 4022 lectionem
587 3955 677 4044 quod
697 3957 810 4046 saepius
827 3959 930 4046 carpsi
952 3959 996 4024 ob
1016 3960 1186 4024 innumera
1206 3961 1271 4024 fere
1286 3962 1332 4026 fe·

259 4055 440 4125 stinationis
453 4063 596 4150 vestigia,
604 4085 744 4150 quorum
757 4078 866 4127 tamon
877 4065 978 4129 multa
989 4065 1114 4130 silentio
1123 4067 1331 4154 proetermisi,

261 4165 293 4230 id
307 4168 350 4232 ita
367 4167 501 4256 intelligi
518 4167 610 4249 volo,
628 4186 664 4232 ut
682 4167 856 4235 editionem
875 4171 961 4236 illam
975 4170 1218 4260 vituperandam
1234 4171 1333 4236 meri·
