2874 4898
505 437 795 506 PRAEFsTto.
1140 457 1178 502 ar

115 559 202 622 libris
218 557 397 632 scribendis
410 559 460 622 vel
474 557 567 622 labor
582 559 747 622 Ciceronis
759 556 808 621 vel
818 557 984 638 metuatis,
999 555 1187 645 utipsemet

117 664 155 727 de
173 667 261 728 exitu
284 664 478 728 dubitaverit
502 665 568 750 (ι),
594 665 822 753 scripseritque
846 661 888 728 ad
907 662 1039 728 fratrem
1060 662 1108 749 (a)
1132 685 1185 744 se,

118 771 177 834 uisi
190 793 276 860 opus
294 793 313 834 e
326 771 484 834 sententia
499 769 703 850 succederet,
718 769 918 850 dejecturum
936 767 1017 832 illud
1034 769 1067 831 in
1085 789 1187 848 mare,

115 876 206 963 quod
223 877 371 941 scribens
389 877 563 966 spectabat.

317 1065 371 1128 tv.
394 1063 528 1128 Casinum
544 1087 621 1152 opus
638 1064 677 1128 de
693 1066 768 1184 R'esp.
789 1063 991 1143 represserint?

159 1225 330 1289 Ciceronis
347 1223 387 1288 de
406 1225 486 1311 step.
502 1245 586 1311 opus
599 1223 725 1287 homiui
741 1224 854 1312 aequali
869 1224 1062 1312 inscriptum
1079 1225 1190 1308 fuisse,

116 1348 204 1420 patet
220 1331 341 1395 invicte
354 1353 373 1392 e
383 1329 544 1394 Vaticanis
563 1329 706 1418 reliquiis
719 1327 785 1416 (3):
800 1361 811 1382 α
826 1328 1001 1418 disputatio
1016 1331 1190 1419 repetenda

116 1437 274 1502 memoria
292 1453 357 1518 est,
378 1459 450 1524 quae
469 1435 550 1499 mihi
567 1435 692 1524 tibique
709 1433 875 1523 quondam
888 1435 1130 1502 adolescentulo
1143 1455 1192 1502 est

115 1569 133 1608 a
150 1545 189 1608 P.
208 1542 332 1606 Rutilio
348 1541 449 1622 Rufo,
463 1541 607 1630 Smyrnae
622 1565 725 1630 quum
739 1541 836 1605 simul
849 1565 992 1608 essemus
1004 1545 1189 1632 complures

12 1637 13 1652 ¹
116 1647 202 1731 dies,
220 1647 399 1735 exposita».
412 1649 496 1710 Ante
508 1669 591 1734 opus
607 1645 648 1710 de
662 1647 742 1735 Rep.
760 1649 917 1735 scriptum
932 1647 1031 1712 semel
1045 1666 1190 1713 versatus

117 1771 164 1819 est
184 1755 219 1816 in
236 1754 312 1817 Asia
323 1753 437 1816 Cicero
449 1774 536 1815 anno
552 1752 653 1816 artatis
665 1775 760 1832 xxtx,
777 1775 881 1840 quum
898 1777 950 1818 eas
962 1755 1145 1843 provincias
1158 1773 1191 1819 et

117 1855 302 1922 valitudinis
321 1853 552 1920 confirmandae
567 1871 599 1919 et
612 1853 805 1919 eruditionis
824 1879 919 1920 causa
936 1858 1188 1947 peragraritffl),

117 1967 197 2054 quin
217 1982 250 2029 et
270 1963 428 2026 Rutilium
448 1963 593 2050 Smyrnae
611 1985 628 2026 a
645 1979 679 2025 se
697 1960 844 2026 auditum
860 1961 1050 2050 loquentem
1069 1963 1189 2028 confir-

116 2089 185 2137 mat
208 2071 296 2135 idem
320 2069 433 2133 Cicero
458 2065 519 2156 (5).
547 2071 616 2157 Age
643 2091 720 2133 vero
750 2072 900 2158 quisnam
929 2069 1189 2135 adolescentulus

117 2177 285 2243 Ciceronis
303 2176 352 2239 rel
366 2197 476 2239 comes
492 2176 525 2237 in
548 2175 602 2238 illo
618 2175 746 2257 itinere,
764 2177 815 2240 rel
833 2193 920 2240 certe
934 2176 1031 2241 simul
1045 2177 1189 2266 Smymse

117 2301 264 2350 versatus
294 2281 447 2371 fingitur?
474 2282 597 2346 Atticus
620 2282 653 2344 in
679 2269 790 2370 primis
816 2284 917 2348 menti
944 2284 1100 2366 occurrit,
1131 2285 1187 2373 qui

12 2377 13 2415 i
116 2393 309 2456 Ciceronem
329 2387 410 2453 vidit
431 2411 471 2452 eo
495 2403 641 2476 tempore
663 2389 798 2453 Athenis
818 2387 884 2477 (6),
908 2412 1074 2479 quemque
1097 2389 1190 2456 facile

117 2495 311 2562 crediderim
331 2493 484 2558 comitem
501 2517 535 2558 se
551 2493 698 2558 Ciceroni
712 2494 746 2557 in
763 2495 869 2560 Asiam
886 2496 978 2561 eunti
990 2495 1190 2579 adjunxisse,

118 2601 297 2691 praesertim
312 2623 416 2690 quum
428 2601 556 2665 Atticus
573 2598 614 2664 ad
631 2622 685 2664 eas
700 2603 928 2666 transmarinas
938 2602 1087 2691 regiones
1098 2601 1190 2667 ideu-

118 2709 221 2776 tidem
230 2732 264 2773 se
271 2709 433 2772 conferret
443 2707 650 2796 negotiorum
662 2723 694 2771 et
702 2707 874 2773 nominum
883 2731 977 2772 causa
986 2731 1059 2797 quae
1068 2707 1188 2774 ibidem

119 2817 260 2882 babebat
272 2815 327 2904 (7).
345 2816 421 2880 Erat
434 2833 542 2880 autem
553 2817 678 2882 Atticus
694 2815 826 2882 duobus
837 2831 973 2881 'tantum
985 2817 1077 2882 annis
1089 2819 1192 2898 major

119 2940 199 2987 natu
217 2945 314 3010 quam
331 2923 443 2986 Cicero
459 2947 466 2987 :
483 2922 609 2987 Atticus
626 2921 712 2987 enim
732 2945 818 2987 auno
835 2923 935 2987 estatis
954 2923 1189 3012 septuagesimo

120 3029 260 3115 septimo
277 3043 427 3090 mortuus
446 3043 495 3090 est
511 3027 657 3091 Domitio
674 3044 705 3091 et
724 3027 816 3090 Sosio
833 3027 1021 3092 consulibus
1039 3027 1085 3116 (8)
1101 3051 1188 3093 auno

120 3133 220 3197 Urbis
247 3156 328 3221 7223
355 3134 469 3197 Cicero
494 3155 617 3196 annum
645 3155 742 3223 agens
772 3155 845 3197 extr
869 3133 995 3197 occisus
1027 3149 1076 3196 est
1101 3153 1189 3196 anno

119 3239 217 3304 Urbis
240 3261 323 3326 7113
349 3261 427 3328 ergo
449 3237 476 3303 is
500 3262 605 3304 annus
627 3255 694 3320 erat
716 3239 811 3305 Attici
831 3239 1045 3330 sexagesimus
1070 3255 1187 3304 sextus.

121 3345 207 3435 Ergo
240 3367 342 3432 quum
372 3339 486 3410 Cicero
515 3345 666 3410 audiebat
689 3346 835 3432 Smyrnae
862 3343 1039 3427 Rutilium,
1065 3345 1192 3410 Atticus

157 3543 196 3619 (t)
212 3553 254 3602 Ad
266 3551 390 3608 Attienus,
407 3553 455 3608 IV,
478 3553 517 3600 ιδ.

158 3639 197 3705 (a)
214 3642 268 3690 Lib.
284 3643 323 3701 Il,
339 3647 379 3695 ¹4·

157 3729 196 3794 (3)
214 3731 250 3778 De
267 3725 417 3792 Republica,
431 3729 454 3786 l,
476 3729 500 3776 8.

158 3819 197 3882 (t)
215 3819 344 3879 Brut.91.

159 3907 197 3968 (5)
215 3907 282 3956 butt.
295 3918 336 3952 aa.
358 3921 359 3926 ¹

77 4027 82 4034 ·
159 3993 196 4058 (6)
214 3994 265 4042 Cic.
278 3991 309 4040 ds
325 3989 438 4050 Finibus,
449 3993 481 4049 V,
496 4007 516 4038 ι.

159 4081 198 4144 (ς)
214 4080 254 4129 Ad
265 4082 317 4128 Att.
332 4081 375 4138 tv,
393 4079 433 4139 15,
455 4078 599 4140 ¹7,18,V,
619 4081 658 4127 13.

158 4167 196 4233 (8)
213 4169 298 4232 Nepos
310 4167 353 4215 rit.
369 4168 444 4216 tius.
457 4183 499 4226 at,
515 4183 559 4214 aa.
