2874 4898
231 413 276 494 nd
594 411 791 480 ANGELI
815 411 935 478 MAll

228 533 353 596 misisse
372 555 379 594 :
398 554 471 618 quoe
486 553 537 594 res
556 533 620 595 utri
634 535 742 596 -faveat
757 532 942 613 sententiae,
961 555 1028 595 non
1045 529 1167 597 delinio
1187 557 1196 597 :
1216 551 1302 598 esset
1367 575 1370 584 ‚

228 638 318 702 enim
332 637 460 726 pietatis
475 637 621 701 maximae
634 636 810 718 indicium,
823 636 940 702 binum
951 659 1035 726 opus
1047 638 1192 726 tantique
1205 640 1301 727 pretii

228 745 270 809 ad
287 745 418 808 fratrem
442 743 584 824 misisse3
602 760 763 808 ettamen
789 743 932 808 Atticum
956 765 1085 808 summo
1106 767 1218 810 amore
1240 744 1301 810 de·

228 851 374 914 vinctum
398 873 466 914 non
485 850 598 915 saltem
615 849 763 914 secundo
779 872 916 914 munere
932 848 1105 930 adfecisse,
1124 850 1177 914 vix
1195 851 1302 916 credi·

229 956 293 1022 bile
309 955 445 1021 videtur.
465 955 616 1043 Denique
639 957 717 1021 levis
740 955 821 1019 mihi
839 971 871 1018 et
893 956 945 1018 vix
961 955 1137 1044 probabilis
1159 957 1302 1045 suspicio

228 1064 357 1146 incidit,
371 1064 471 1129 libros
484 1064 582 1128 Tullii
601 1064 751 1152 politicos
771 1085 879 1151 neque
890 1063 1017 1144 Attico,
1039 1087 1146 1152 neque
1160 1066 1302 1146 Quinto,

229 1171 286 1236 sed
303 1171 441 1235 Varroni
453 1169 554 1234 fuisse
568 1171 762 1258 inscriptos,
779 1170 837 1257 qui
854 1169 917 1268 fuit
933 1168 1092 1234 decennio
1109 1172 1212 1252 major
1224 1170 1304 1235 Tul·

229 1277 273 1340 lio
301 1275 357 1363 (1).
388 1277 537 1364 Namque
565 1275 599 1339 in
628 1290 773 1339 mentem
799 1275 924 1340 venisse
950 1276 1099 1340 Ciceroni
1120 1276 1300 1342 Varronem

228 1379 410 1470 appellandi
435 1381 593 1469 prooemio
619 1381 729 1469 aliquo
758 1379 919 1445 librorum
943 1378 983 1444 de
1009 1381 1088 1468 Rep.
1116 1383 1205 1446 testis
1231 1383 1302 1470 ipae

228 1504 277 1553 cst
292 1487 340 1574 (2)
362 1511 369 1552 :
391 1519 402 1542 ·
417 1487 538 1569 Varro,
556 1487 597 1552 de
620 1509 687 1576 quo
706 1487 747 1552 ad
765 1511 818 1551 me
836 1488 968 1569 scribis,
987 1485 1174 1552 includetur
1192 1489 1225 1552 in
1242 1489 1303 1553 eli·

228 1616 326 1682 quem
350 1593 477 1676 locum,
496 1593 523 1658 si
546 1593 647 1658 modo
666 1595 727 1660 erit
743 1595 845 1659 locus.
866 1595 981 1683 ltaque
1001 1594 1199 1683 cogitabam,
1214 1619 1301 1684 quo·

228 1700 315 1764 niam
337 1699 371 1762 in
397 1698 531 1788 singulis
550 1699 639 1763 libris
657 1715 733 1764 utor
749 1699 934 1788 prooemiis,
957 1698 1080 1788 aliquid
1102 1698 1243 1782 efficere,
1262 1719 1301 1766 ut

228 1828 296 1869 non
312 1805 381 1868 sine
402 1827 498 1868 causa
522 1804 622 1868 istum
639 1805 834 1892 appellarem
852 1835 874 1869 ι.
894 1804 959 1868 Sed
980 1805 1066 1869 enim
1090 1805 1300 1872 consideratis

227 1913 323 1976 Tullii
337 1910 480 1999 epistolis
495 1907 535 1974 ad
546 1910 726 1975 Varronem
740 1909 832 1974 facile
848 1911 1010 1974 existimes
1025 1911 1152 1976 nullum
1166 1912 1244 1977 hnic
1257 1914 1299 1980 ub

226 2018 282 2082 illo
308 2035 383 2083 ante
407 2016 615 2081 Academicos
643 2017 838 2104 inscriptum
866 2016 965 2081 fuisse
990 2017 1132 2100 librum;
1156 2017 1299 2108 denique

228 2124 373 2206 ejusdem
390 2123 487 2188 Tullii
502 2122 544 2186 ad
561 2122 707 2186 Atticum
724 2121 822 2186 verba
838 2120 902 2210 (3),
919 2123 1040 2210 quaein
1060 2122 1188 2188 decimo
1208 2127 1297 2191 testi·

228 2232 340 2296 monio
354 2253 372 2294 a
386 2253 439 2294 me
456 2229 682 2320 proferuntur,
696 2251 765 2292 rem
781 2227 890 2292 adhuc
904 2229 1128 2293 vehementius
1145 2247 1274 2319 negant.

262 2389 300 2453 (r)
319 2389 462 2452 ffieronym.
474 2387 568 2437 Chron.
646 2416 651 2426 ·
687 2355 692 2366 ·

262 2477 528 2544 mmmmm

261 2565 300 2633 (3)
318 2565 359 2614 Ad
370 2565 449 2614 Attic.
459 2567 532 2623 xm,
547 2567 587 2614 18.
601 2565 693 2614 Confer
704 2565 776 2613 etiam
789 2567 866 2624 xm,
887 2565 928 2613 16.
938 2589 972 2600 -
980 2566 1088 2630 Negant.
1099 2566 1243 2616 Admodum
1256 2570 1296 2618 irt-

226 2654 307 2704 flrmne
319 2669 371 2703 esee
380 2654 503 2716 cotiones,
516 2653 606 2717 quibus
616 2670 632 2701 a
644 2653 763 2702 Cicerone
772 2653 815 2702 elii
826 2652 949 2717 cuipiam,
962 2668 1034 2717 quam
1048 2653 1149 2712 Attico,
1163 2653 1294 2721 inscriptos

227 2761 278 2792 esse
291 2744 337 2792 hon
349 2742 426 2791 libros
438 2742 570 2807 probatum
585 2743 631 2790 ivit
645 2746 676 2791 A.
685 2741 780 2806 Maius,
797 2741 849 2802 jem
859 2752 916 2790 ante
929 2757 968 2808 me
977 2741 1098 2802 judicavit
1109 2758 1196 2792 censor
1207 2743 1294 2793 editio·

226 2835 265 2881 nie
282 2833 399 2880 Romane
419 2831 586 2895 Gottingensie
606 2831 705 2893 (18²4,
725 2846 752 2877 n.
766 2827 825 2893 ta),
846 2840 871 2876 et
888 2828 985 2894 liquido
1007 2829 1185 2880 demonstrarit
1207 2849 1295 2882 censor

226 2921 358 2987 Llpdensie
375 2919 402 2986 (l.
413 2939 437 2969 c..
451 2936 477 2970 n.
491 2921 533 2982 ⁵),
551 2921 622 2982 cujus
635 2919 772 2988 rationibus
783 2935 834 2966 non
847 2931 884 2966 ert
902 2919 971 2983 qnod
988 2934 1051 2967 nova
1065 2919 1211 2968 adminicula
1224 2939 1293 2985 qner-

227 3021 319 3060 rantnr.
332 3010 409 3073 Quod
421 3009 485 3058 enim
500 3013 530 3057 Δ.
543 3009 621 3057 Maius
634 3009 705 3056 allent
716 3023 747 3055 ex
763 3008 849 3071 quinte
861 3006 919 3054 llbri
933 3007 998 3055 tertii
1011 3008 1043 3055 ed
1061 3009 1159 3056 fratrem
1174 3010 1291 3073 opidulo,

227 3100 257 3148 de
267 3115 297 3147 eo
307 3095 435 3148 Ciceronis
448 3097 577 3162 proposito
588 3094 786 3159 intelligendum,
805 3093 872 3158 quod
883 3110 935 3144 nou
944 3095 976 3142 ad
985 3095 1077 3142 exitum
1091 3096 1235 3159 perductum
1246 3109 1292 3147 eet.

226 3189 310 3251 Quum
326 3187 390 3234 enim
408 3187 454 3234 sihi
468 3187 635 3250 proposuIeset
650 3193 743 3230 mamre
758 3183 834 3231 totins
848 3183 930 3248 operis
948 3183 1049 3230 formam
1069 3182 1111 3248 (de
1127 3199 1178 3248 qno
1188 3185 1294 3234 concillo

228 3275 276 3324 hoc
296 3276 352 3340 ipso
368 3287 393 3323 et
407 3275 480 3322 tertio
499 3274 652 3338 potissimum
667 3271 741 3333 hujus
757 3271 908 3334 prelationis
927 3272 1006 3336 capite
1025 3270 1136 3336 loquitur
1148 3273 1179 3319 A.
1190 3273 1292 3338 Melus),

227 3368 328 3432 ipseque
340 3363 366 3411 in
384 3380 414 3412 eo
428 3379 483 3411 cum
500 3363 572 3410 fratre
590 3360 770 3425 colloquentem
786 3376 811 3408 se
827 3357 918 3423 fingere
931 3359 1061 3434 voluisset,
1081 3358 1149 3424 quod
1160 3360 1290 3410 consilinm

228 3453 293 3519 oepit
303 3451 421 3500 absolutis
432 3453 482 3512 jam
496 3449 592 3498 dnobus
605 3448 685 3505 libris,
700 3457 795 3496 mutato
808 3463 889 3496 rursus
903 3447 1006 3496 coneilio
1020 3447 1139 3511 loquendi
1143 3455 1205 3495 'cum
1205 3447 1292 3512 fratre

226 3541 258 3589 ad
268 3541 373 3605 primam
382 3539 456 3588 rediit
468 3537 610 3586 senteutiam
619 3568 627 3594 ‚
637 3550 716 3598 neque
730 3535 782 3599 ipae
798 3534 917 3599 loquutus
930 3545 976 3596 est.
988 3533 1074 3582 Attico
1087 3550 1147 3583 vero
1161 3534 1292 3600 inscripto·

225 3645 251 3677 re
263 3645 320 3677 vern
337 3643 391 3676 ecee
407 3627 453 3675 hon
470 3625 558 3684 libros,
572 3633 662 3688 praeter
674 3622 779 3671 rationes
792 3622 824 3670 eb
837 3623 893 3687 ipro
908 3623 940 3672 A.
950 3621 1017 3670 Maio
1031 3620 1129 3682 ederas,
1142 3621 1290 3672 demonstrat

224 3717 294 3766 locus
305 3717 356 3766 Cic.
370 3718 438 3764 Brut.
450 3717 474 3775 5,
486 3714 501 3780 S
515 3729 559 3776 19,
572 3711 628 3772 ubi,
646 3719 776 3776 postquem
790 3711 877 3760 Cicero
890 3710 923 3759 ob
936 3725 999 3775 opus
1010 3709 1154 3778 historicum
1167 3711 1197 3759 ab
1205 3716 1291 3763 Attico

225 3804 273 3854 albi
289 3805 433 3868 inscriptum
450 3800 527 3850 eimsse
543 3799 644 3864 aliquod
661 3791 794 3866 ἀντίθυρον
815 3797 838 3846 ei
858 3799 1014 3862 promiserat,
1032 3799 1127 3846 Atticus
1143 3798 1287 3863 respondet:

224 3908 292 3959 ..ego
305 3908 319 3940 e
333 3904 356 3940 te
369 3902 429 3956 peto
434 3923 497 3939 .....
507 3899 534 3936 ut
551 3887 643 3935 scribae
660 3885 770 3951 aliquid:
787 3887 838 3947 jem
856 3886 952 3951 pridem
970 3885 1035 3934 enim
1055 3887 1225 3935 conticuerunt
1243 3899 1291 3935 tue

224 3983 311 4031 literae.
324 3981 389 4030 Nam
401 3989 431 4027 ut
445 3977 500 4026 Illos
513 3976 543 4024 de
556 3975 697 4039 Republica
705 3974 782 4023 libros
795 3973 908 4034 edidisti,
922 3973 984 4022 ninii
995 3989 1010 4021 e
1023 3984 1047 4021 te
1060 3989 1117 4022 eene
1128 3984 1212 4040 postes
1224 3989 1290 4022 acoe-

223 4070 319 4134 plmns:
334 4068 416 4132 eiaqne
428 4075 524 4114 uosmet
537 4063 584 4127 ipsi
594 4063 626 4110 ed
636 4071 742 4111 veterum
753 4042 876 4111 enneliniu
884 4061 1024 4110 memoriam
1034 4059 1291 4125 comprehendendam

223 4157 320 4222 impulsi
331 4168 404 4221 atque
417 4153 509 4202 incensi
522 4167 632 4200 summu.
648 4153 727 4215 Quem
743 4166 789 4214 ego
809 4151 891 4199 locum
911 4165 966 4198 eum
982 4165 1047 4200 cene.
1063 4149 1130 4215 Idpr.
1144 4166 1157 4197 n
1173 4147 1290 4198 Schiitrio
