2874 4898
257 394 299 465 18
612 389 809 462 ANGELI
835 391 954 460 Matr

253 517 338 582 ricus
356 513 404 602 de,
415 511 554 592 Gentio,
579 511 736 576 Achaious
754 508 795 576 de
819 511 996 592 Corintho,
1017 509 1160 578 Punicus
1179 511 1219 576 de
1244 515 1323 579 Car·

252 621 382 710 thagine
397 642 404 682 :
419 617 659 697 Numantinum
676 634 709 682 et
724 632 875 706 preterea
893 615 935 681 de
951 615 1128 698 Andrisco,
1145 617 1186 682 de
1198 619 1323 684 Aristo·

251 727 343 807 nico,
360 725 477 812 aliique
494 722 654 812 triumphi
670 723 835 788 minorum
855 722 1039 788 nominum.
1054 722 1150 788 Plena
1165 740 1234 788 erat
1248 747 1326 812 grae·

251 834 296 895 cis
313 829 447 895 eruditis
465 829 584 910 Roma,
597 828 776 893 efferebant
790 851 824 894 se
837 843 998 908 oratores;
1010 849 1123 892 recens
1137 852 1239 918 prope
1254 845 1325 896 erat

251 937 364 1019 Ennii,
385 935 508 1016 Plauti,
534 935 670 1016 Caecilii,
688 934 849 1016 Terentii,
866 935 1014 1016 Pacuvii,
1038 933 1126 998 Accii
1142 935 1324 1024 Luciliique

250 1043 366 1132 poesis.
392 1042 516 1105 Tantus
543 1037 686 1127 denique
712 1056 781 1104 erat
810 1063 952 1104 romanoe
979 1038 1136 1104 felicitatis
1156 1064 1260 1129 apex,
1285 1059 1325 1105 ut

250 1163 361 1213 noster
376 1145 546 1211 Africanus
560 1167 677 1209 censor
692 1146 857 1232 publicam
875 1145 1029 1235 precandi
1053 1147 1224 1212 formulam
1248 1170 1324 1213 mu·

249 1254 380 1320 tandam
403 1252 578 1318 curavisset
602 1251 733 1341 :rogari
754 1251 874 1318 seilicet
892 1251 970 1316 deos
993 1253 1148 1336 jusserat,
1172 1277 1239 1318 non
1255 1257 1323 1336 jam

249 1377 288 1424 ut
302 1374 458 1448 augerent
475 1379 644 1420 romanam
657 1357 842 1439 fortunam,
859 1356 917 1422 sed
932 1373 970 1422 ut
986 1360 1241 1450 conservarent(
1263 1361 1286 1446 ).

417 1529 421 1536 =
474 1535 476 1540 ·
520 1497 579 1562 Ill.
597 1497 693 1561 Ratio
711 1500 813 1586 opertis
828 1519 909 1586 soepe
925 1512 1058 1561 mutata.

293 1624 468 1714 Ceteroqui
479 1625 637 1688 rationem
649 1623 812 1688 scribendi
825 1626 932 1714 operis
947 1649 1013 1688 non
1028 1626 1154 1689 semela
1167 1627 1323 1692 Cicerone

247 1733 347 1797 fuisse
372 1732 575 1795 immutatam
601 1729 803 1818 exploratum
829 1745 886 1794 est.
913 1730 1049 1795 Prorsus
1071 1748 1109 1795 ut
1130 1733 1322 1820 Euphorion

248 1855 346 1928 atque
363 1836 524 1901 Panaetius
540 1833 586 1923 (a)
602 1834 735 1900 tradunt
749 1836 857 1923 ipsum
871 1834 1039 1900 Platonem
1055 1860 1120 1901 suae
1139 1839 1219 1928 reip.
1233 1840 1324 1904 initia

248 1966 331 2034 saepe
363 1942 559 2008 subvertisse
593 1965 630 2004 ao
662 1939 812 2004 varianda
843 1942 1013 2007 curavisse.
1048 1944 1161 2008 Cicero
1191 1945 1323 2032 quidem

204 2129 210 2142 ι
247 2052 291 2135 Q.
304 2049 395 2114 fratri
410 2064 536 2128 narrat,
551 2070 585 2110 se
598 2046 757 2135 principio
776 2069 959 2111 sermonem
975 2048 1008 2112 in
1025 2072 1143 2114 novem
1157 2067 1190 2115 et
1206 2050 1274 2116 dies
1291 2068 1325 2117 et

249 2157 348 2222 libros
375 2153 577 2218 distribuisse
603 2151 661 2242 (3).
687 2152 750 2217 Sed
775 2155 861 2217 enim
886 2178 963 2218 mox
989 2179 1080 2220 versa
1106 2161 1284 2241 sententia,
1306 2183 1325 2222 e

250 2284 369 2328 novem
386 2281 441 2324 sex
454 2259 550 2342 fecit,
564 2274 602 2322 ut
619 2258 689 2346 ipse
705 2259 817 2323 Cicero
833 2259 922 2324 testis
938 2276 985 2324 est
999 2260 1046 2349 (4)
1059 2244 1091 2325 et
1108 2261 1160 2326 alii
1174 2281 1325 2329 auctores

250 2367 370 2458 passim
394 2362 615 2430 confirmant:
636 2379 804 2452 totamque
823 2355 1077 2454 disputationem
1096 2367 1205 2433 triduo
1228 2369 1325 2434 abso·

250 2475 353 2538 lutam
377 2470 480 2535 voluit
503 2466 566 2556 (5),
590 2467 680 2556 quod
698 2485 813 2558 praeter
834 2471 894 2534 alia
914 2471 1099 2536 testimonia
1119 2495 1208 2539 nunc
1223 2475 1325 2539 codex

251 2579 424 2644 Vaticanus
439 2575 655 2654 demonstrat,
672 2576 715 2640 ita
732 2591 770 2639 ut
787 2574 856 2639 bini
873 2573 986 2640 diebus
1005 2578 1139 2667 singulis
1154 2579 1226 2643 libri
1241 2582 1325 2644 reci·

252 2703 364 2754 tentur
383 2683 440 2772 (6).
464 2681 600 2746 Breviati
632 2697 709 2744 sunt
738 2682 837 2772 igitur
867 2681 935 2747 dies
961 2683 1096 2774 dialogi,
1125 2709 1191 2749 non
1216 2702 1324 2752 tamen

253 2807 397 2856 mutatus
437 2811 543 2853 annus
580 2811 587 2852 :
626 2803 690 2852 tam
731 2788 819 2852 enirn
859 2789 1076 2855 novemdiales
1116 2791 1209 2856 ferias
1241 2795 1327 2882 prio-

254 2900 296 2964 ris
325 2896 463 2988 incepti,
489 2918 588 2983 quam
618 2893 731 2959 latinas
760 2895 964 2983 posterioris,
991 2897 1058 2986 ipse
1087 2913 1202 2962 auctor
1226 2899 1325 2965 fuisse

254 3003 332 3068 dicit
343 3001 508 3068 Tuditano
522 3017 555 3066 et
564 3001 695 3090 Aquilio
712 3002 901 3066 consulibus
917 3001 984 3090 (7),
998 3002 1031 3067 id
1048 3002 1324 3085 est,Varroniano

253 3133 341 3176 anno
359 3107 442 3190 625,
457 3131 524 3196 quo
540 3107 686 3198 dialogus
707 3108 870 3195 recitatur.
887 3109 1045 3174 Praeterea
1057 3133 1211 3198 personas
1233 3113 1325 3200 prin·

253 3215 338 3305 cipio
355 3214 431 3278 feeit
446 3212 652 3295 Africanum,
671 3213 822 3296 Laelium,
839 3214 989 3298 Philum,
1005 3214 1196 3298 Manilium,
1212 3217 1325 3282 Tube·

253 3342 378 3403 ronem,
389 3318 550 3384 Fannium
564 3333 596 3382 et
607 3319 779 3383 Scaevolam
791 3320 846 3408 (8).
858 3321 944 3384 Tum
959 3320 1033 3386 alibi
1049 3321 1094 3410 (9)
1104 3319 1146 3386 ad
1158 3320 1323 3411 dialogum

288 3446 328 3512 (ι)
344 3445 426 3494 Valer.
437 3445 506 3492 Mu.
518 3447 565 3506 Π,
578 3459 602 3503 1,
614 3461 652 3492 ro.

288 3533 327 3600 (a)
346 3531 422 3597 Apud
434 3531 571 3590 Laertiurn,
586 3533 623 3578 111
635 3566 642 3588 ,
658 3532 702 3580 25.

291 3618 330 3692 (s)
348 3619 388 3668 aa
400 3621 434 3681 Q.
448 3619 478 3666 n.
491 3621 544 3678 ιιι,
564 3619 588 3667 s.

288 3709 329 3778 (t)
346 3706 386 3757 Ad
397 3710 449 3758 An.
462 3709 540 3766 xm,
558 3724 604 3771 19;
619 3709 715 3759 deDiv.
726 3711 766 3766 11,
789 3712 961 3772 13Tosr.IV,
977 3711 1043 3770 1;de
1054 3713 1127 3777 legg,
1138 3713 1283 3775 1,o‚111,2.

290 3795 327 3861 (5)
346 3797 397 3846 Cio.
410 3796 440 3845 de
449 3799 504 3845 Διιι.
517 3798 563 3858 IV,
573 3797 688 3860 idemque
699 3799 765 3862 apud
778 3799 890 3850 Macrob.
900 3799 931 3847 ad
945 3799 1029 3848 Somu.
1043 3801 1062 3862 I,
1074 3799 1165 3864 heire
1173 3799 1322 3867 deamvi.

289 3885 326 3952 (6)
344 3885 382 3934 De
395 3885 458 3948 Περ.
471 3887 494 3931 ll
503 3917 511 3942 ,
520 3885 545 3931 in
556 3881 600 3930 lin.

289 3973 328 4038 (7)
344 3973 380 4022 De
393 3976 458 4037 Καρ.
474 3974 498 4032 I,
518 3987 548 4033 93
564 3972 595 4019 ad
608 3973 640 4035 Q.
651 3973 682 4020 [ι.
692 3975 746 4032 lII,
765 3974 787 4022 ⁵.

289 4061 328 4130 (Β)
347 4061 385 4109 Ad
398 4061 430 4123 Q.
444 4061 473 4108 lr.
484 4061 535 4120 III,
552 4061 576 4108 5.

288 4149 326 4216 (9)
343 4149 383 4199 ad
397 4149 472 4199 Inte.
484 4151 527 4208 lv,
542 4149 580 4197 16.
