2874 4898
413 449 415 456 ’
502 435 781 504 PRAEFATIO.
1134 461 1180 534 29

106 559 226 649 gustini
258 557 510 646 superimposita
540 558 690 622 Ciceroni
723 557 881 646 scriptura
914 555 973 644 (de
1005 579 1069 645 qua
1106 582 1181 624 mox

107 665 233 753 loquar)
251 662 383 727 videtur
399 661 566 750 antiquior
581 662 699 726 soeculo
720 660 857 725 decimo.
880 662 967 750 Ergo
989 684 1057 726 non
1076 662 1182 728 audeo

105 769 242 834 delinire
253 786 367 833 utrum
381 769 555 833 Vaticanus
569 768 623 834 hic
639 766 742 846 codex
757 767 917 832 Gerberto
931 765 1056 856 aliquid
1068 767 1184 834 debent

104 899 218 941 necne.
228 876 355 940 saeculo
364 875 428 939 Xll
438 875 510 939 Joh.
522 873 772 939 saresberiensis
782 873 947 938 Ciceronis
956 873 997 938 dc
1005 876 1084 964 Rep.
1092 875 1182 941 locos

103 983 199 1064 citat,
221 1005 307 1070 quos
329 981 364 1044 in
383 997 494 1044 nostre
513 978 657 1044 editione
678 995 711 1042 et
733 979 768 1041 in
791 979 970 1067 prepositis
989 981 1182 1046 testimoniis

104 1087 214 1154 videre
229 1105 288 1152 est.
308 1088 350 1150 Et
372 1085 506 1173 quidem
525 1083 616 1150 locus
633 1083 674 1150 de
688 1083 791 1172 poetis
811 1081 858 1170 (ι)
876 1082 1049 1172 (siquidem
1064 1086 1091 1150 is
1108 1109 1182 1175 per-

104 1195 187 1260 tinet
208 1192 250 1258 ud
267 1192 369 1257 libros
388 1190 429 1257 de
445 1193 527 1279 Rep.
545 1207 584 1256 nt
601 1191 727 1280 putavit
748 1191 918 1277 Sigonius,
938 1205 1041 1280 utque
1065 1189 1181 1258 doecre

104 1301 238 1368 videtur
260 1299 463 1390 Augustinus
487 1321 538 1386 ep.
562 1298 629 1385 xci)
653 1298 784 1386 longior
811 1297 915 1362 multo
940 1312 989 1361 est
1015 1297 1104 1387 apud
1126 1299 1183 1364 sn·

16 1421 17 1434 ¹
105 1407 360 1488 resberiensem,
386 1427 485 1493 quarn
513 1403 601 1492 apud
628 1404 849 1493 Augustinum
877 1427 885 1468 :
916 1426 1113 1492 quamquam
1145 1429 1183 1470 ea

105 1515 217 1602 potius
235 1511 442 1600 interpolatio
460 1508 609 1598 quaedarn
632 1507 793 1574 credenda
817 1525 874 1574 est.
891 1509 1032 1576 Alterius
1050 1510 1113 1576 loci
1134 1511 1182 1600 (α)

105 1636 165 1684 etst
182 1619 314 1698 initium
331 1617 417 1681 sumi
435 1631 563 1704 poterat
581 1637 599 1678 e
615 1615 784 1679 Macrobio
804 1613 869 1702 (3),
887 1631 995 1680 temen
1012 1617 1183 1703 sequentis

105 1723 261 1790 ridentur
276 1739 407 1811 sumptu
420 1723 573 1810 exipsius
588 1721 752 1786 Ciceronis
765 1721 922 1802 lectione,
939 1723 1096 1810 quoniam
1110 1723 1182 1788 Me·

16 1851 17 1866 ¹
106 1831 240 1897 crobius
259 1830 290 1892 in
311 1829 371 1894 alia
386 1827 464 1894 abit.
486 1829 575 1916 Ergo
593 1843 706 1891 utrum
723 1826 874 1890 manibus
891 1829 999 1915 ipsum
1017 1829 1182 1894 Ciceronis

107 1961 191 2027 opus
210 1938 336 2002 triverit
352 1937 621 2016 saresberiensis,
638 1935 727 2000 haud
741 1934 866 2022 liquido
880 1951 1008 2000 constet
1018 1934 1079 2023 (A).
1094 1940 1183 2002 Cete-

108 2045 207 2132 roqui
226 2043 347 2108 mirum
372 2065 438 2106 non
465 2058 549 2106 esset
571 2039 660 2106 haud
686 2041 826 2105 caruisse
853 2039 903 2104 his
928 2040 1018 2105 libris
1043 2042 1182 2130 politicis

106 2150 382 2214 saresberiensem
401 2147 519 2212 saeoulo
540 2147 618 2226 Xll;
637 2145 797 2234 siquidem
815 2147 836 2210 ii
854 2147 909 2210 vix
926 2146 1086 2212 ducentos
1107 2161 1182 2214 ante

96 2249 212 2320 'annos
230 2253 270 2318 nd
286 2254 480 2320 Gerbertum
499 2252 738 2318 deferebantur.
762 2253 845 2316 Sane
864 2252 990 2340 Lipsius
1012 2254 1118 2318 aiebat
1134 2255 1181 2344 (5)

15 2363 16 2366 ’
108 2387 142 2426 se
168 2362 203 2424 in
229 2361 278 2425 Jo.
302 2359 552 2424 saresberiensis
577 2374 716 2422 centone
741 2359 861 2422 multos
884 2379 1009 2445 pennos
1028 2381 1181 2447 pnrpurae

15 2457 16 2462 ἵ
108 2488 287 2557 agnoscere
303 2481 336 2530 et
351 2467 531 2553 fragmenta
545 2463 602 2527 aevi
620 2461 772 2527 melioris.
789 2461 915 2526 Eodem
931 2463 1051 2528 saeculo
1066 2465 1182 2531 Petrus

109 2573 268 2638 Blesensis
300 2571 460 2636 indicium
494 2567 624 2657 aliquod
653 2568 772 2649 edidit,
801 2591 835 2631 se
868 2569 981 2658 legisse
1012 2567 1111 2635 libros
1140 2572 1182 2635 de

111 2683 191 2780 liep,
217 2679 273 2768 (6).
298 2679 448 2765 ltenrque
466 2675 599 2764 requnlis
621 2676 690 2756 ejus
714 2676 831 2740 Petrus
849 2675 1056 2770 Pictnricnsis
1073 2678 1182 2742 locum

108 2811 149 2852 ex
174 2784 289 2850 iisdem
319 2784 409 2848 libris
435 2783 560 2871 profert
579 2779 625 2868 (7)
649 2805 656 2844 :
677 2779 768 2870 quod
793 2781 900 2868 ipsum
923 2779 1181 2847 animadversum

145 3029 186 3097 (r)
204 3030 410 3094 Dellep.1V,9.

145 3119 185 3183 (s)
203 3119 300 3183 Polycr.
308 3117 359 3180 tt,
369 3131 412 3166 π.
424 3115 489 3163 Vide
502 3113 649 3164 testimonie.

146 3205 187 3272 (3)
205 3206 246 3256 sd
258 3209 344 3254 somn.
357 3208 386 3267 1,
403 3221 425 3254 r.
444 3205 524 3252 Locus
537 3203 594 3251 item
609 3200 744 3260 Macrobii,
759 3202 848 3265 inquo
861 3215 941 3250 sermo
955 3199 983 3249 lit
1001 3202 1032 3250 de
1045 3206 1182 3266 Frontone,

112 3295 238 3360 profertur
256 3293 374 3356 integrior
392 3307 405 3340 t
425 3289 614 3349 Saresberiensi‚
625 3304 697 3354 quern
714 3298 750 3336 est
771 3291 797 3336 in
815 3287 965 3337 editionibus
979 3291 1108 3340 Macrobii.
1119 3294 1183 3341 Vide

114 3382 250 3432 testimonia
261 3383 287 3429 in
301 3397 354 3428 mer
365 3378 495 3427 Frontonis
506 3377 625 3426 editione.

148 3469 186 3534 (t)
203 3469 300 3517 Videris
312 3467 434 3532 disputate
444 3483 458 3515 s
469 3465 542 3513 nobis
554 3463 585 3513 sd
597 3465 644 3527 tv,
655 3479 670 3528 9
683 3465 714 3512 de
727 3467 791 3528 Rep.

149 3557 187 3622 (ὅ)
204 3555 244 3605 sd
253 3557 331 3604 Tacit.
340 3554 428 3604 Annrl.
439 3556 500 3612 xil,
516 3553 559 3601 63.

148 3643 187 3712 (6)
205 3645 253 3710 sp.
268 3645 396 3694 Lxxxv.
406 3643 479 3692 conf.
495 3641 526 3690 de
545 3641 651 3706 Republ.
662 3639 707 3690 lib.
719 3641 765 3702 tt,
779 3655 833 3704 erp.
847 3653 871 3698 t,
888 3652 943 3690 not.
963 3643 1049 3690 Petrus
1058 3655 1124 3692 certe
1134 3645 1182 3692 so·

114 3736 206 3782 renim
220 3731 334 3797 legebam
351 3747 407 3778 nrm
426 3731 505 3794 Epist.
518 3731 585 3778 LXV
598 3728 715 3777 visionem
729 3728 838 3776 Alriorni
852 3740 978 3780 memoret.
994 3733 1057 3780 Turn
1075 3732 1181 3796 Epistol·

115 3825 207 3870 txvn
220 3831 272 3868 tota
285 3831 320 3869 est
337 3820 368 3868 de
381 3813 572 3868 sdririnistrsnds
592 3833 645 3882 rep.
665 3817 849 3884 Epistoln'rero
868 3819 950 3866 nm
965 3829 1016 3868 tots
1029 3818 1134 3880 dejure.
1153 3823 1181 3868 ln

114 3907 278 3978 sliisqnoqne
292 3911 355 3972 Epp.
369 3905 469 3954 molum
484 3907 571 3954 Petrns
586 3905 722 3972 doctrinm
736 3915 911 3970 auctorumque
922 3917 1032 3954 veterum
1050 3906 1182 3954 lectionem

115 3997 164 4062 pr'oe
175 4015 201 4046 se
211 3998 267 4046 lert.
803 4059 806 4064 Ι
1161 3983 1165 3990 ’

150 4084 190 4151 (7)
208 4089 236 4134 ln
253 4086 361 4151 Epistol:
375 4085 406 4132 sd
421 4083 620 4132 esluurnirtorern
634 4083 753 4132 biblioth.
762 4082 842 4146 Lngd.
855 4083 900 4130 PP.
911 4093 971 4130 torn.
984 4083 1072 4141 ull,
1086 4098 1111 4146 p.
1123 4085 1182 4142 sss.

116 4175 188 4228 conl.
200 4175 230 4224 ds
243 4176 307 4240 Rep.
318 4173 351 4234 V,
369 4191 392 4235 7.
