2874 4898
258 423 304 492 ηε
381 392 385 403 ’
624 423 819 492 ANGELI
845 423 979 502 Mirr,

366 597 421 662 Vl.
442 597 582 684 Quinam
602 585 842 678 memoraverim
861 624 883 662 α
905 622 978 664 saec.
999 599 1033 662 V
1029 599 1067 662 II
1085 599 1132 663 nd
1147 601 1226 665 XII.

304 749 382 812 Post
396 745 577 828 Isidorum,
596 747 630 811 id
649 765 698 812 est
716 765 792 837 post
807 749 972 814 christiani
990 750 1049 813 aevi
1061 750 1217 814 saeuum
1232 753 1334 840 tepti-

261 876 371 934 mum,
394 852 482 918 haud
508 854 577 918 scio
604 877 644 917 an
669 856 841 942 quisquam
864 855 1051 920 Tullianum
1079 855 1120 921 de
1141 858 1223 946 Rep.
1248 880 1333 946 opus

260 975 494 1038 commemoret
510 975 585 1022 ante
597 960 791 1024 Gerbertum
810 959 954 1042 Gallum,
970 961 1027 1048 qui
1043 964 1160 1028 seculo
1175 961 1302 1027 decimo
1314 987 1334 1026 e

262 1053 424 1131 monacho
442 1065 638 1130 Floriacensi
663 1067 763 1130 abbas
784 1065 966 1146 Bobiensis,
989 1066 1108 1132 deinde
1128 1069 1333 1134 Ilhemorum

262 1190 334 1238 turn
348 1173 509 1237 Ravennae
519 1171 799 1261 archiepiscopus,
817 1189 849 1236 et
863 1172 1004 1260 denique
1017 1195 1173 1238 romanus
1185 1175 1335 1264 pontifex

247 1297 389 1345 -creatus
408 1295 465 1344 est.
484 1281 515 1342 Is
532 1279 666 1367 epistola
682 1302 812 1343 nxxxvrr
831 1280 1082 1344 Constantinum
1104 1280 1333 1345 scholasticum

262 1385 301 1450 ad
317 1409 351 1450 se
369 1409 553 1467 accersens,
576 1385 641 1449 ait:
663 1387 884 1450 «comitentur
897 1387 958 1450 iter
974 1401 1070 1450 tuum
1088 1387 1234 1451 Tulliana
1248 1411 1334 1475 opu·

263 1493 351 1556 scula
365 1507 397 1555 et
411 1491 452 1555 de
462 1485 642 1578 Republica
660 1507 694 1556 et
709 1491 743 1555 in
761 1493 914 1573 Verrem,
931 1508 963 1556 et
980 1515 1053 1580 quoe
1068 1515 1130 1581 pro
1145 1491 1334 1558 defensione

262 1597 442 1660 multorum
455 1595 594 1684 plurima
607 1619 749 1660 romane
767 1597 960 1684 eloquentiae
974 1619 1090 1685 parens
1109 1599 1332 1687 conscripsit».

262 1703 350 1792 Ergo
364 1701 418 1766 illo
428 1699 537 1766 adbuc
548 1718 693 1791 tempore
707 1703 831 1792 politici
844 1703 917 1767 libri
927 1725 1093 1792 superesse
1107 1704 1334 1788 credebantur,

262 1805 529 1896 qnandoquidem
552 1807 731 1874 Gerbertus
757 1810 828 1874 sine
849 1808 913 1872 ulla
938 1807 1141 1874 dubitatione
1158 1833 1214 1874 eos
1234 1809 1274 1874 ad
1298 1833 1335 1878 se

262 1913 381 1978 deferri
392 1913 497 1994 jubet.
513 1913 583 1984 laur
595 1936 673 1978 vero
690 1914 845 2001 quoniam
860 1913 961 1978 codex
976 1913 1017 1979 de
1034 1917 1114 2002 Rep.
1126 1915 1300 1980 Vaticanus
1315 1941 1334 1982 e

261 2019 412 2084 Bobiensi
429 2043 455 2083 s.
475 2019 670 2084 Columbini
690 2019 838 2083 coenobio
854 2021 1014 2102 Romam,
1023 2036 1062 2084 ut
1077 2044 1152 2085 mox
1168 2019 1334 2102 dicemus,

260 2125 412 2191 advectus
432 2143 481 2190 est
496 2125 562 2214 (cui
577 2125 727 2190 coenobio
743 2128 871 2213 praefuit
885 2127 983 2196 abbas
998 2127 1176 2192 Gerbertus
1189 2143 1222 2192 et
1232 2127 1334 2193 libros

260 2232 418 2320 plurimos
435 2232 583 2320 undique
599 2233 796 2320 conquisivit
811 2231 880 2321 (r))
899 2232 987 2298 haud
1003 2233 1119 2314 injuria
1131 2233 1333 2298 credendum

258 2337 434 2419 videretur,
458 2338 547 2401 hunc
569 2338 676 2426 ipsum
705 2336 850 2402 codicem
877 2337 1008 2403 allatum
1033 2360 1102 2403 esse
1125 2339 1264 2404 Bobium
1291 2339 1334 2404 ad

207 2515 209 2534 Ι
260 2445 488 2509 Gerbertuma
508 2444 742 2526 Constantino,
765 2445 877 2533 ibique
893 2445 1103 2534 consequntis
1129 2446 1333 2534 temporibus

260 2551 358 2614 fuisse
372 2551 565 2640 rescriptum
582 2551 796 2632 amonachis3
810 2567 843 2616 et
858 2549 998 2638 denique
1012 2551 1114 2615 multa
1126 2569 1201 2639 post
1217 2551 1333 2618 saecula

262 2660 399 2724 Romam
420 2676 452 2722 et
477 2659 510 2722 in
535 2659 721 2724 Vaticanam
748 2658 976 2734 bibliothecam
1001 2660 1209 2740 translatum,
1234 2682 1253 2724 a
1279 2681 1334 2724 rne

261 2763 402 2854 denique
436 2787 526 2828 nunc
559 2787 644 2848 esse¹
659 2766 792 2830 lecturo.
825 2767 948 2828 Verum
979 2765 1009 2829 ei
1039 2765 1231 2846 conjecture
1263 2765 1333 2830 duo

190 2927 198 2936 .
261 2871 400 2934 maxime
420 2871 560 2935 obstant.
585 2870 694 2935 Primo
720 2871 808 2934 enim
828 2869 995 2960 praedictas
1016 2870 1123 2936 literae
1148 2895 1214 2935 non
1239 2871 1333 2935 Bobii

260 2976 388 3064 scripsit
408 2975 601 3057 Gerber‘tus,
618 2973 677 3040 sed
693 2973 844 3056 Rhemis,
857 2999 959 3064 quum
973 2975 1019 3039 ibi
1032 2992 1116 3040 esset
1135 2974 1332 3040 Adalberoni

260 3081 502 3171 archiepiscopo
513 3082 554 3145 ab
566 3080 710 3170 epistolis
721 3103 808 3145 anno
817 3079 882 3170 987
896 3079 941 3168 (2)
952 3081 1079 3168 :itaque
1091 3083 1135 3146 ait
1147 3097 1332 3170 exspectare

261 3211 295 3252 se
317 3189 570 3252 Constantinum
589 3187 630 3268 ad
651 3188 729 3252 XVI
754 3186 817 3254 kal.
833 3186 1044 3276 septembris,
1065 3210 1138 3274 quae
1157 3187 1226 3252 dies
1249 3211 1333 3276 pre·

261 3291 346 3358 liniri
357 3309 487 3382 poterat
502 3294 644 3358 venienti
660 3292 702 3359 de
716 3293 911 3358 Floriacensi
927 3291 969 3356 ad
985 3293 1121 3382 Ligerim
1135 3295 1332 3358 monasterio

261 3400 421 3482 Rhem0s3
440 3423 506 3464 non
524 3401 602 3464 item
622 3399 764 3464 venienti
781 3422 799 3463 e
815 3399 1009 3487 transalpina
1023 3397 1123 3463 Galba
1140 3399 1279 3464 Bobium
1295 3400 1329 3464 in

261 3505 396 3569 Italiam.
411 3505 515 3596 Igitur
531 3506 766 3570 Constantinus
781 3503 926 3569 codicem
942 3505 983 3569 dc
999 3505 1078 3593 Bep.
1092 3527 1160 3568 non
1174 3505 1330 3589 Bobium,

262 3609 319 3678 sed
341 3611 483 3676 Rhemos
506 3611 639 3694 detulit,
659 3613 687 3676 si
709 3629 817 3677 tamen
837 3611 964 3678 detulit.
986 3611 1140 3676 Praeterea
1156 3612 1331 3676 Vaticanus

262 3716 364 3783 codex
379 3734 455 3782 ante
471 3736 597 3785 aetatem
611 3718 759 3784 Gerberti
773 3717 901 3783 videtur
914 3718 1005 3784 Bobii
1023 3741 1090 3784 nou
1108 3717 1213 3782 solum
1231 3718 1331 3782 exsti·

262 3827 356 3907 tisse,
376 3827 601 3891 verumetiam
623 3826 745 3891 ibidem
765 3827 863 3891 luisse
882 3827 1056 3914 rescriptus
1075 3849 1082 3889 :
1102 3847 1243 3912 namque
1264 3826 1331 3888 Au·

298 3997 336 4063 (t)
353 3999 430 4050 Gerb.
442 4001 486 4064 Ep.
497 4001 605 4048 CXXX.

299 4085 337 4150 (a)
355 4085 418 4133 Vide
431 4089 488 4136 Ber.
501 4085 588 4134 Gallie.
600 4095 625 4132 et
639 4085 747 4132 l'rxncie.
760 4085 905 4151 scriptores,
920 4088 1027 4150 itemque
1042 4099 1127 4132 eornm
1141 4081 1245 4132 indicem
1256 4082 1329 4128 chro-

261 4175 414 4240 nologicum,
429 4186 489 4224 tom.
501 4178 539 4236 x,
551 4190 605 4239 pig.
618 4170 681 4238 392,
696 4175 755 4237 ³9³.
