2874 4898
496 421 785 490 PRAEFATIO.
1131 422 1177 496 33

117 547 214 612 libris:
229 561 262 608 et
278 542 410 631 rogavit,
428 557 466 605 ut
481 539 522 602 ad
537 556 569 604 te
582 543 776 620 scriberem,
792 553 831 602 ut
846 539 1022 622 sciremus,
1042 544 1177 632 ecquid.

116 675 151 716 ne
162 651 239 716 certi
255 647 296 711 de
310 644 370 708 illis
383 643 475 708 libris
486 674 509 706 ».
520 679 566 692 -
577 641 723 708 Andreas
738 643 894 708 Patricius
908 643 1071 728 Polonus,
1086 651 1175 736 prael.

113 755 146 822 ad
162 757 276 844 fragm.
293 749 333 814 de
346 751 426 837 llep.
441 747 489 834 (1)
506 747 553 812 sic
569 747 737 835 loquitur:
753 748 845 811 «hac
860 770 965 835 quum
981 751 1176 838 scriberem,

111 885 141 925 ac
153 881 268 926 eorum
286 856 327 920 de
345 857 427 944 llep.
449 855 609 919 librorum
621 853 779 934 jacnrram
796 855 912 920 tacitus
927 879 1056 924 mecum
1071 861 1176 928 medi·

110 983 197 1048 taret,
216 961 358 1028 narravit
374 960 455 1026 mihi
474 975 631 1048 patronus
645 976 678 1024 et
696 961 820 1024 amicus
837 983 987 1028 summus
1004 985 1097 1032 meus
1115 967 1176 1054 (ri-

108 1071 198 1149 detur
219 1068 389 1155 Philippus
414 1064 597 1130 Padnerius
622 1066 794 1154 episcopus
816 1067 1049 1156 Craooriensis)
1077 1093 1112 1136 se
1136 1096 1176 1138 ex

106 1178 173 1244 Alb.
191 1175 332 1254 Crissio,
347 1171 500 1252 homine,
525 1163 605 1236 dum
629 1171 769 1254 vireret,
786 1173 973 1261 perurbano
992 1191 1024 1240 et
1040 1199 1176 1266 peram.

104 1283 184 1364 dlto,
205 1278 385 1358 audivisse,
402 1278 526 1365 primos
542 1299 581 1340 ex
597 1277 636 1341 iis
655 1276 753 1342 libros
772 1293 914 1365 quatuor
931 1279 1025 1344 abeo
1040 1283 1073 1346 in
1089 1283 1175 1374 lega·

103 1391 186 1454 tione
208 1387 393 1473 anglicana,
415 1405 504 1446 anno
527 1381 603 1446 Chr.
627 1381 722 1470 1557,
746 1383 779 1446 in
810 1381 953 1472 quodam
976 1391 1174 1456 monasterio

102 1499 183 1558 risos
206 1513 277 1556 esse
301 1513 412 1578 :quos
434 1511 537 1578 quum
562 1489 606 1554 ita
631 1488 676 1554 ibi
701 1507 771 1554 turn
791 1491 988 1578 reliquisset,
1009 1510 1048 1560 ut
1064 1519 1121 1562 eos
1139 1500 1173 1564 in

101 1596 203 1662 reditu
220 1595 316 1660 vellet
333 1615 445 1660 secum
467 1610 651 1682 asportare,
670 1617 709 1666 ex
727 1596 890 1685 legatione
912 1597 1040 1664 rediens
1064 1603 1173 1670 nullos

100 1702 225 1792 reperit.
248 1700 451 1765 Dicebantur
470 1715 580 1764 autem
604 1699 693 1764 furto
714 1699 792 1764 inde
808 1703 959 1792 praerepti
978 1705 1111 1774 fuisso»,
1129 1747 1174 1762 -

99 1811 217 1872 Revera
234 1806 350 1871 Petrus
369 1808 507 1886 Romus,
527 1805 716 1886 cujus'itent
737 1806 770 1869 in
788 1807 978 1874 Ciceronem
997 1812 1173 1882 nobilitatos

98 1937 178 1978 rurae
197 1928 293 1996 sunt,
309 1913 432 2000 quique
450 1912 560 2000 paullo
576 1928 652 2001 post
670 1911 705 1974 in
724 1912 989 1984 Bartholomitica
1005 1915 1094 1984 clade
1113 1944 1171 2011 pe.

98 2023 164 2104 riit,
180 2021 227 2086 sic
243 2021 289 2083 ait
306 2017 395 2107 praef.
414 2017 456 2082 ad
468 2017 629 2116 Scipionis
644 2018 817 2084 Somnium
834 2042 865 2084 :a
876 2042 932 2086 sex
944 2022 1019 2088 libri
1033 2023 1074 2088 de
1088 2028 1169 2118 Rep.

96 2130 158 2192 sive
176 2126 351 2214 perierint,
370 2125 437 2188 sive
454 2123 628 2212 subsigno
651 2121 881 2213 claustrisque,
902 2127 993 2215 quod
1012 2127 1130 2216 audio,
1151 2159 1169 2200 a

95 2233 188 2298 oertis
215 2229 404 2296 hominibus
427 2229 461 2292 in
484 2250 553 2317 rep.
579 2229 718 2292 nimium
746 2230 903 2320 religiosis
928 2247 1095 2323 tamquam
1117 2241 1169 2306 si.

20 2336 27 2362 ⁸
93 2339 207 2430 byllini
223 2337 296 2401 libri
312 2336 549 2400 retineantur».
566 2371 610 2384 -
628 2335 731 2400 Porro
746 2335 788 2400 de
803 2337 942 2425 politicis
962 2341 1059 2407 Tullii
1076 2343 1166 2412 libris

93 2472 148 2538 per
162 2443 353 2512 Sarmatiam
366 2443 525 2531 quaesitis,
537 2443 618 2507 mira
630 2459 709 2540 sunt
722 2467 794 2531 quae
810 2445 844 2507 in
862 2447 910 2512 Jo.
930 2449 1088 2516 Zamoscii
1101 2454 1166 2520 rita

91 2569 200 2618 narrat
216 2549 389 2614 Bullartius
402 2547 463 2636 (α),
480 2571 599 2637 nempe
617 2549 742 2614 nobiles
758 2549 918 2637 quosdam
933 2551 1076 2622 Polonos
1091 2576 1166 2647 post

89 2679 213 2726 annum
240 2655 324 2743 1576
343 2654 385 2719 ab
404 2651 768 2720 obsidionePlescoviae
792 2656 883 2721 urbis
908 2656 1067 2747 digressos
1089 2685 1165 2751 per·

88 2765 209 2830 rexisse
233 2763 267 2826 in
284 2760 454 2825 interiores
477 2761 644 2850 regiones,
663 2760 775 2848 ibique
797 2783 873 2826 cum
892 2763 962 2828 aliis
982 2767 1164 2854 priscarum

87 2873 256 2936 literarum
276 2867 497 2931 monumentis
515 2866 678 2932 invenisse
694 2867 738 2930 les
757 2865 846 2932 liures
862 2867 902 2932 de
921 2867 1051 2937 ciceron
1072 2877 1112 2940 de
1127 2877 1162 2942 la

86 2975 281 3066 Republique
294 2970 467 3038 adresse'sd
483 2973 627 3054 Atticus,
643 2970 734 3037 e'crits
746 2963 783 3037 en
798 2973 904 3040 lettres
918 2975 1000 3042 d'or.
1014 2981 1159 3048 Bullartii

84 3085 177 3149 hunc
194 3082 303 3146 locum
326 3081 377 3144 vel
399 3103 467 3144 non
484 3078 577 3162 vidit,
608 3080 658 3144 vel
676 3083 873 3170 contempsit
890 3083 1075 3170 Walchius,
1101 3090 1158 3178 qui

84 3193 118 3256 in
137 3190 250 3256 libello
261 3188 303 3254 de
317 3187 575 3252 dedicationibus
589 3185 748 3252 librorum
761 3204 908 3254 veterum
923 3190 1098 3260 latinorum
1115 3219 1158 3262 ne

82 3297 224 3362 verbum
239 3293 372 3384 quidem
387 3294 464 3358 lacit
480 3292 521 3357 de
538 3292 677 3382 politicis
691 3293 789 3358 Tullii
806 3293 904 3359 libris.
916 3295 1000 3362 Sane
1014 3300 1155 3369 fabulam

83 3425 178 3467 suam
192 3399 365 3465 Bullartius
381 3399 506 3464 facilius
520 3398 615 3462 nobis
630 3400 856 3486 persuasisset,
875 3401 902 3465 si
919 3425 1038 3492 graecos
1055 3407 1154 3474 libros

83 3511 122 3572 iis
148 3511 184 3572 in
208 3505 396 3596 regionibus
421 3522 565 3594 repertos
588 3505 807 3570 narravisset:
839 3506 937 3574 latina
957 3507 1003 3598 (3)
1032 3515 1153 3605 quippe

115 3670 158 3736 (r)
177 3669 245 3718 aaa
255 3669 342 3717 Vertat.
351 3683 408 3715 aun.
421 3667 497 3715 1⁵65.

117 3761 157 3824 (a)
176 3756 289 3805 Ballartii
306 3755 376 3804 locus
393 3766 430 3825 eat
448 3754 474 3802 in
493 3753 573 3812 libro,
592 3753 635 3818 qui
655 3751 798 3802 inscribitur
809 3755 943 3805 stadensis
956 3759 997 3808 des
1010 3761 1113 3811 seientes
1127 3775 1152 3812 et

82 3847 127 3894 das
142 3855 209 3904 arta,
223 3855 284 3893 tom.
301 3847 327 3903 l,
342 3857 397 3908 pag.
410 3841 516 3904 87.bla.

119 3934 161 4000 (3)
180 3934 284 3982 Latina.
294 3930 447 3982 ..videntum
457 3932 515 3980 Non
526 3945 626 3996 possum
636 3929 728 3990 lacere,
738 3931 799 3994 quin
811 3931 852 3980 bie
863 3932 1003 3998 adhibeam,
1014 3953 1069 4001 quse
1080 3937 1152 3988 docte

79 4037 104 4071 et
117 4021 254 4071 admodum
268 4017 430 4084 probabiliter
440 4029 524 4066 contra
533 4019 596 4067 hanc
607 4019 639 4067 Δ.
648 4017 709 4066 stati
721 4019 865 4067 sententiam
876 4021 1031 4085 protulerunt
1041 4041 1152 4075 censores

79 4129 134 4160 non
147 4111 220 4159 semel
232 4109 324 4158 laudati
340 4119 364 4156 et
375 4109 465 4173 sapies
477 4106 605 4166 laudandi,
616 4106 785 4172 Gottingensis
796 4107 889 4172 (rias,
901 4127 925 4158 n.
935 4109 980 4176 tt)
991 4121 1015 4159 et
1024 4113 1154 4178 Lipsiensis

154 4201 198 4268 V.
218 4213 265 4262 cie.
271 4229 329 4282 pars
340 4211 415 4275 tertia
1020 4199 1040 4270 3
