2874 4898
479 457 775 531 PRAEFATIO.
1100 483 1156 529 ‘tt

136 585 267 650 Delatus
291 599 348 647 ett-
362 580 524 671 denique,
549 599 723 672 postquam
746 581 873 646 dudum
895 583 963 646 bec
985 579 1086 646 editio
1104 582 1162 650 tle-
1268 663 1272 674 p

98 691 259 758 scribenda
280 690 388 780 operis
406 691 646 780 typographicis
669 689 785 754 tradita
803 691 924 771 iuerat,
942 687 983 753 uti
996 705 1053 753 nte
1070 689 1162 771 liber,

96 799 180 880 cujus
204 797 373 885 inscriptio
393 797 426 860 in
451 816 613 860 novorum
634 785 797 860 librorum
819 796 981 883 catalogo,
1005 794 1162 860 nundinis

95 903 310 994 Lipsiensibus
325 903 507 990 premisso,
524 921 676 992 maguam
691 903 771 966 milti
786 903 1057 991 exspectationem
1073 919 1164 966 com·

94 1026 255 1092 moverat,
273 1008 421 1074 dolorem
443 1009 557 1083 ctiam,
575 1003 665 1096 quod
682 1028 749 1071 non
767 1009 910 1082 licuisset
925 1029 965 1073 eo
982 1009 1030 1072 uti
1044 1009 1077 1072 in
1094 1009 1163 1097 ipsa

93 1137 161 1180 mea
175 1113 320 1178 editione
336 1114 535 1178 adornanda.
548 1115 607 1178 Est
622 1133 701 1178 vero
718 1113 786 1194 ejus
803 1115 876 1178 libri
891 1115 1060 1203 inscriptio
1072 1114 1141 1178 baec
1154 1135 1162 1178 t
1177 1125 1195 1205 .'

93 1222 162 1286 «M.
190 1222 289 1284 Tullii
316 1221 481 1284 Ciceronis
505 1220 579 1284 libri
603 1219 645 1284 de
673 1221 869 1309 Republica,
896 1222 1010 1285 notitia
1033 1219 1163 1285 Codicis

92 1329 257 1394 Sarmatici
275 1329 358 1392 facta
371 1327 516 1391 illustrati
530 1343 758 1416 quantumque
774 1329 843 1392 ficri
863 1330 971 1416 potuit
987 1329 1128 1392 restituti
1145 1351 1163 1392 a

92 1437 130 1500 D.
144 1435 321 1500 Guilielmo
334 1429 495 1497 llliinnicb
509 1434 692 1522 professore
706 1435 910 1499 cracoviensi
924 1465 948 1500 n.
965 1435 1164 1524 Gcettinge,

93 1540 177 1630 apud
202 1541 355 1604 Carolum
378 1535 569 1604 Eduardum
594 1539 1022 1623 liusenbusch.1825‚14,
1046 1553 1079 1605 et
1100 1539 1163 1618 245

139 1650 186 1713 .f.
205 1648 236 1712 8.

94 1671 221 1836 ppQuis
239 1773 307 1816 non
323 1751 388 1816 hoc
401 1751 509 1816 indice
526 1751 612 1816 lecto
625 1753 704 1816 huic
717 1753 801 1818 libro
818 1754 1106 1817 ctCiocronisnum
1124 1751 1166 1816 tle

98 1857 274 1948 Rqrublioa
290 1877 373 1946 opus
390 1873 423 1920 et
437 1856 661 1945 supplementa
680 1879 719 1922 ex
734 1856 852 1922 Codice
868 1857 1045 1922 Sarmatico
1061 1859 1167 1922 inesse

97 1964 226 2030 credat?
247 1965 290 2027 Et
310 1963 427 2042 justior
450 1961 581 2050 quidem
607 1963 675 2044 ejus
700 1963 947 2052 exspectationis
974 1983 1069 2027 causa
1097 1981 1167 2026 esse

94 2071 202 2135 ridere
226 2085 353 2157 poterat
372 2071 418 2150 ai,
437 2067 497 2157 'qui
516 2065 644 2158 legisset
668 2057 708 2134 in*
723 2068 776 2134 Fr.
800 2067 943 2150 lelobsii
963 2069 1106 2158 Epistola
1124 2069 1164 2133 td

94 2179 129 2241 F.
156 2176 197 2240 G.
224 2175 438 2264 Doeringt'um
465 2175 675 2270 specularibus
705 2173 872 2257 Gymnasii
904 2176 1047 2241 Gothuni
1072 2199 1100 2239 a.
1131 2171 1163 2239 d.

94 2284 125 2348 S.
137 2282 290 2363 Thomas,
311 2279 411 2362 1824,
434 2280 582 2368 scripta),
604 2304 635 2368 p.
653 2301 712 2366 29,
733 2281 802 2345 hec
819 2282 878 2344 tiri
896 2281 981 2346 illius
1000 2280 1166 2348 ciat-issimi

94 2389 218 2453 verba:
244 2388 312 2450 «in
332 2387 476 2473 reliqniis
499 2387 658 2449 librorum
684 2385 725 2450 de
749 2381 852 2475 il'ep..
868 2436 875 2451 .
891 2388 932 2451 ab
951 2389 990 2450 A.
1013 2387 1101 2450 Maio
1127 2409 1166 2451 ex

93 2495 303 2584 palimpsesto
318 2491 522 2555 Bibliotheca
533 2491 694 2555 Vaticanus
705 2491 887 2555 felicissime
901 2493 1015 2573 erutis,
1030 2505 1063 2555 et
1076 2507 1166 2574 mox,

93 2619 133 2665 nt
146 2599 314 2680 audimus,
328 2621 368 2662 ex
385 2598 447 2661 alio
465 2597 653 2678 hujusmodi
673 2597 802 2680 codice,
820 2599 853 2662 in
870 2599 999 2662 Gallicis
1017 2600 1101 2662 forte
1112 2621 1166 2663 re·

93 2723 207 2795 perro,
221 2705 331 2768 multis
343 2703 581 2768 accessionibus
597 2703 754 2794 augendis
772 2735 796 2768 ι.
817 2705 918 2786 Quis,
931 2705 1082 2792 inquam,
1097 2723 1166 2769 non

27 2805 28 2810 ¹
95 2813 287 2876 thesaurum
314 2809 564 2897 exspectaverit?
590 2811 785 2898 Accepimus
806 2831 884 2873 vcro
908 2829 968 2898 pro
993 2806 1166 2893 thesauro,

97 2937 165 2979 non
189 2913 341 3002 quidem,
360 2911 450 3000 quod
468 2913 567 2976 estin
590 2911 780 3002 proverbio,
800 2915 974 2995 carbones,
994 2913 1052 2980 sed
1071 2917 1169 2998 nihil,

97 3037 235 3110 propter
260 3018 367 3106 quod,
393 3018 512 3114 librum
538 3035 687 3082 nostrum
709 3019 774 3098 jam
800 3039 819 3082 e
840 3021 990 3084 manibus
1014 3023 1168 3085 emissum
1208 3071 1218 3084 .
1280 3075 1285 3088 .
1312 3077 1318 3088 .

96 3127 214 3207 fuisse,
233 3145 429 3213 magnopere
446 3125 487 3188 sit
506 3123 694 3189 dolendum.
716 3127 758 3191 Et
773 3127 914 3215 primum
931 3127 1064 3215 quidem
1083 3129 1171 3194 Cice-

96 3233 187 3298 ronis
205 3231 245 3295 de
256 3233 336 3328 Rep.
349 3231 422 3295 libri
434 3232 605 3321 planenon
620 3234 732 3298 insunt
742 3283 750 3314 ,
760 3233 931 3322 sedagitur
940 3235 1171 3301 tantummodo

97 3339 139 3402 de
155 3339 210 3414 iis,
230 3354 263 3400 et
285 3336 412 3400 duabus
428 3337 560 3425 quidem
580 3355 706 3402 constat
725 3340 776 3404 ille
798 3333 879 3403 liber
897 3342 1053 3428 partibus.
1076 3343 1171 3406 Parte

97 3445 208 3532 priore
223 3445 403 3508 accuratius
422 3442 520 3508 docet
537 3444 765 3528 Miinnichius,
783 3446 873 3533 quod
892 3439 1002 3511 'minus
1022 3463 1169 3512 accurate

12 3569 13 3596 t
98 3549 207 3614 adbuc
224 3549 422 3632 sciebamus,
436 3567 574 3616 excunte
590 3552 707 3614 sarculo
724 3553 820 3629 xvi,
838 3553 994 3617 exstitisse
1009 3553 1117 3618 adbuc
1134 3555 1167 3617 in

12 3685 13 3694 ¹
98 3656 236 3721 Polcuia
258 3655 402 3720 codicem
430 3656 590 3722 librorum
615 3656 656 3721 de
679 3656 871 3746 Republica,
896 3681 1004 3747 neque
1025 3683 1102 3724 vero
1128 3659 1169 3724 ad

99 3763 192 3826 huno
209 3761 297 3826 dictu
315 3777 519 3850 compertum
536 3781 625 3844 esse,
640 3761 752 3826 utrum
777 3764 872 3830 etiarn
895 3785 984 3829 nunc
1002 3768 1035 3829 in
1055 3765 1169 3830 iisdem

12 3947 13 3964 .
97 3975 126 4010 ex
140 3962 221 4018 usti,
238 3971 293 4024 que
307 3961 334 4008 in
351 3959 425 4024 negti
440 3959 569 4008 Parisiensi
582 3959 729 4009 bibliotheca
748 3961 857 4010 latebant
875 3959 1006 4010 collatione
1023 3963 1170 4026 desumptis,

98 4049 284 4112 decentiusque
298 4047 366 4098 narii
379 4049 456 4096 nostri
469 4049 612 4096 amtcrttrtc
632 4049 790 4098 demonstrat.
812 4049 881 4097 iiiam
903 4049 1085 4098 conclusionem
1103 4061 1170 4099 nunc

12 4155 13 4182 t
98 4147 224 4202 exponere
238 4137 296 4184 tatis
311 4145 361 4192 σας
373 4145 399 4182 tt
414 4149 487 4200 supra
501 4143 658 4184 memoramur
671 4135 888 4204 disceptationem,
906 4135 972 4185 baad
986 4153 1055 4185 meus
1068 4151 1096 4186 ac
1108 4137 1171 4187 MSS

12 4207 14 4280 l
100 4227 222 4283 notitiam,
229 4225 274 4290 ipsi
285 4241 369 4289 graecae
378 4225 489 4286 versioni,
497 4241 570 4288 quant
577 4226 636 4273 inira
645 4225 724 4288 legere
731 4237 778 4288 est,
786 4227 974 4290 praeponendam
984 4238 1114 4274 servamus.
1124 4226 1171 4275 Eo.
