2874 4898
491 477 774 550 reserato.
1147 485 1168 559 3

104 617 194 690 toque
210 596 514 687 reprehendendam
527 600 729 681 censuerim,
740 599 948 682 scherzium,
961 602 1068 672 virum
1078 629 1170 674 sum-

103 731 207 788 mum,
227 729 295 774 nan
311 705 409 785 item,
426 704 518 784 cujus
530 752 539 786 ,
552 707 581 772 si
597 706 751 795 pauculas
767 707 926 796 excipias,
939 707 997 776 sed
1015 713 1170 800 optimas,

101 813 342 894 annotationes,
360 809 455 878 nulle
478 811 545 879 fere
563 811 597 876 in
620 813 674 880 illa
689 811 833 880 editione
849 813 1040 882 adornanda
1062 835 1096 883 et
1114 819 1171 886 de

101 917 266 988 scribenda
281 934 388 1008 partes
406 917 503 982 fuisse
520 916 672 984 videntur
674 961 1163 992 .......................

139 1029 199 1107 lit,
216 1025 303 1092 dicet
315 1025 450 1091 fortasse
467 1024 642 1113 quispiam,
665 1023 722 1112 qui
736 1023 996 1105 justam'horum
1018 1029 1085 1096 sire
1102 1031 1168 1098 fra-
1206 1093 1210 1110 ,

99 1149 307 1224 grnentorum
334 1131 403 1198 sive
424 1129 585 1196 librorum
610 1129 789 1198 editionem
812 1131 999 1216 meditatur,
1027 1135 1054 1200 is
1073 1139 1171 1206 etiam

98 1241 354 1329 fragmentorum
371 1235 412 1304 ab
423 1238 460 1302 A.
471 1233 558 1302 Maio
570 1235 753 1303 institutam
765 1235 1010 1327 dispositionem
1023 1243 1085 1308 sub
1097 1267 1171 1312 exa·

99 1369 171 1416 mers
185 1360 282 1411 vocet
293 1393 302 1426 ,
315 1343 485 1410 nonnullis
501 1359 587 1410 certe
604 1343 637 1406 in
657 1343 735 1410 locis
754 1341 906 1426 dubiam,
922 1345 956 1413 in
972 1349 1083 1435 paucis
1103 1374 1172 1418 ma-

99 1455 216 1518 nifesto
231 1451 355 1518 falsam.
377 1455 504 1540 Augeat
526 1449 613 1516 idem
630 1453 889 1542 fragmentorum
906 1477 1102 1540 numerum,
1117 1483 1173 1526 en-

99 1561 212 1642 ansis,
235 1558 293 1648 qui
309 1559 347 1624 Α.
366 1558 492 1624 Maium
505 1557 682 1647 fugerunt,
696 1557 786 1622 libris
809 1575 940 1646 patrum
964 1553 1176 1654 aliorumque
1233 1625 1237 1634 .

100 1669 316 1756 scriptorum,
336 1665 455 1753 quibus
473 1664 641 1730 Ciceronis
664 1664 763 1730 libros
781 1664 925 1754 integros
943 1667 1050 1756 legere
1066 1673 1173 1738 conti·

100 1774 152 1862 git.
170 1769 292 1838 Audio.
316 1770 380 1836 Sed
404 1769 445 1836 de
465 1770 617 1836 universo
635 1769 894 1859 fragmentorum
916 1771 1032 1838 ordine
1056 1778 1171 1846 melius

96 1877 253 1958 judicare,
264 1897 363 1964 quarn
377 1877 413 1942 A.
430 1875 536 1942 Melus
546 1873 721 1956 judicavit,
737 1896 804 1940 non
818 1875 909 1940 facile
923 1877 1098 1966 quisquam
1111 1884 1175 1948 sibi

99 1998 213 2048 sumet
230 1981 317 2046 Loca
330 1980 474 2069 aliquot,
493 1980 612 2068 quibus
629 1979 751 2068 aliquid
771 1980 966 2050 mutandum
983 2006 1052 2050 esse
1070 1987 1174 2057 rideri

97 2103 227 2177 posset,
242 2083 382 2152 indicavi
398 2109 407 2150 a
424 2101 463 2150 ut
478 2087 547 2174 ipse
564 2085 688 2174 aliquid
704 2103 884 2168 mutarem,
904 2085 936 2151 id
951 2089 1032 2154 mihi
1044 2113 1174 2159 sumere

96 2195 199 2258 nolui.
225 2191 476 2280 Exspectemus,
505 2190 584 2258 dum
610 2213 715 2256 novus
735 2192 852 2280 aliquis
877 2193 960 2264 liber
982 2199 1172 2285 reperiatur,

97 2301 153 2390 qui
166 2316 202 2366 et
212 2301 344 2366 lacunas
359 2299 500 2387 expleat,
517 2316 694 2381 eteorum,
707 2320 779 2385 quse
796 2299 972 2383 habemus,
985 2301 1172 2394 dispositio·

96 2431 171 2474 nem
197 2407 250 2470 vel
272 2403 461 2487 confirmet,
478 2405 529 2471 vel
550 2405 700 2493 corrigat.
720 2404 813 2470 Nora
834 2428 912 2472 vero
930 2409 1111 2498 fragmenta
1133 2430 1172 2481 ut

95 2512 294 2601 conquirant
316 2534 372 2576 eos
395 2511 559 2593 exhortor,
579 2511 699 2598 quibus
723 2525 755 2576 et
776 2512 882 2579 otium
899 2503 1074 2602 est,'quod
1089 2519 1170 2584 mihi

95 2619 231 2708 quidem
247 2619 314 2684 fere
330 2634 379 2682 est
395 2617 538 2700 nullum,
552 2634 585 2683 ct
601 2617 762 2684 librorum
775 2619 886 2707 copia,
901 2643 965 2708 qua
978 2645 1041 2710 ego
1059 2623 1093 2690 in
1109 2625 1170 2690 hac

95 2727 177 2793 urbe
196 2726 292 2814 plane
306 2724 465 2791 destituor
481 2748 489 2788 :
504 2747 619 2790 eorum
637 2741 724 2790 certe
738 2725 917 2808 librorum,
931 2727 964 2792 in
982 2729 1101 2816 quibus
1114 2733 1170 2796 ali.

97 2832 195 2920 qnid,
213 2829 303 2918 quod
321 2852 427 2920 operes
439 2829 579 2918 pretium
591 2829 650 2911 sit,
666 2847 830 2919 repertum
844 2831 884 2896 iri
896 2854 972 2898 cum
985 2833 1092 2922 aliqua
1102 2840 1168 2901 reri

97 2935 320 3002 similitudinis
341 2935 447 3022 specie
466 2956 595 3024 sperare
610 2935 723 3022 possis.

138 3043 210 3108 Jaru
226 3041 317 3130 quod
331 3041 372 3106 ad
389 3063 477 3121 cem,
490 3063 589 3128 quarn
608 3057 765 3128 sequutus
779 3063 869 3123 sum,
883 3057 916 3108 et
928 3045 1124 3112 emendandi
1134 3065 1168 3114 et

97 3145 280 3236 explicandi
296 3147 458 3212 rationem
482 3146 616 3226 attinet,
637 3144 678 3212 de
700 3168 824 3224 eanon
847 3162 912 3229 est,
929 3149 1019 3236 quod
1042 3153 1166 3220 multus

97 3253 170 3318 sim.
190 3253 316 3332 Erunt,
336 3252 398 3339 qui
412 3251 552 3316 nimium
575 3273 627 3316 me
650 3243 779 3316 dedisse
794 3267 828 3319 et
843 3250 1015 3322 indulsisse
1033 3260 1165 3348 utrique

97 3360 210 3448 generi
230 3357 357 3441 dieant3
377 3373 474 3424 eruut
491 3355 644 3438 fortasse,
663 3358 721 3445 qui
738 3359 831 3446 plura
850 3360 1166 3450 etiamdesiderent3

97 3483 197 3532 erunt
218 3465 359 3554 denique
382 3465 483 3551 (tales
505 3465 675 3548 nimirum,
698 3465 818 3554 quibus
837 3467 901 3548 nil,
923 3467 985 3534 nisi
1004 3493 1065 3538 sus
1084 3476 1168 3540 ratio
1266 3553 1270 3564 ,

97 3573 244 3662 placet),
262 3573 326 3660 ¹qui
349 3570 552 3640 obtrectandi
576 3570 723 3636 lubidine
744 3589 776 3640 et
797 3571 898 3639 livore
917 3575 1043 3667 abrepti
1066 3591 1165 3646 tetam

96 3701 232 3769 operam
256 3692 444 3766 arroganter
464 3675 642 3760 fastidiant,
661 3677 962 3768 maledicendoque,
989 3686 1065 3770 quia
1080 3685 1165 3751 bene

97 3784 206 3850 dicere
233 3807 301 3847 non
330 3781 530 3865 didicerunt,
556 3783 723 3873 gloriolam
749 3802 896 3872 captent,
923 3787 1051 3853 inanem
1080 3790 1165 3855 illam

95 3890 252 3978 quidem,
271 3889 327 3954 sed
340 3889 438 3977 vulgo
457 3889 568 3952 fucum
585 3891 755 3953 facientem
760 3937 1159 3959 ...................

140 3995 255 4060 Unum
272 3993 375 4076 addo,
387 3991 478 4082 quod
492 3991 532 4057 ad
549 3992 622 4057 libri
636 4018 732 4058 usum
743 3994 902 4084 pertinet:
918 3999 1044 4062 numeri
1055 4000 1168 4065 videli-

95 4121 168 4184 cet,
184 4103 320 4190 margini
333 4102 523 4191 paginarum
537 4101 686 4168 exteriori
700 4099 862 4190 adscripti,
876 4102 972 4167 iidem
987 4122 1166 4195 sunt,quos

97 4216 130 4274 A.
148 4210 257 4275 Maius
272 4207 455 4296 adscripsit,
468 4207 637 4296 dequibus
650 4207 798 4288 attejas
813 4209 902 4272 Praef.
921 4213 1069 4276 interiori
1085 4238 1168 4278 mar·

1020 4345 1047 4389 t.
