2874 4898
256 453 302 538 so
538 497 542 506 ,
616 447 815 517 aucam
841 445 959 514 Mau

254 585 505 648 contrectantur,
533 566 721 655 laevigantur
744 567 864 629 iterum
889 581 922 629 et
942 564 1155 644 exsiccantur,
1178 586 1217 635 ut
1237 595 1325 638 noro

253 679 411 746 volumini
431 673 839 762 accommodentur5'quod
854 695 958 760 quum
976 671 1030 754 fit,
1047 674 1166 762 prioris
1182 680 1326 768 scriptu-

253 786 406 853 ranseries
423 803 531 869 neque
547 781 665 845 serrari
680 781 849 868 potestob
861 779 1030 845 inductam
1047 781 1280 850 obscuritatem
1293 805 1328 852 et

218 913 226 932 ‘
255 895 376 971 labem,
396 909 503 976 neque
522 909 622 976 porro
642 885 741 950 debet
760 885 804 948 ob
826 884 972 964 ejusdem
990 907 1087 950 usum
1107 889 1326 976 antiquatum.

253 999 317 1066 Sed
344 1017 417 1060 ecce
443 993 504 1058 tibi
530 992 621 1055 aliam
650 989 793 1072 cladem,
825 989 905 1054 dum
935 990 1137 1080 plagularum
1159 1011 1328 1076 veterum,

253 1119 351 1196 prout
360 1101 437 1166 novi
449 1100 556 1188 operis
568 1097 650 1162 ratio
660 1098 817 1186 postulat,
829 1096 880 1160 vel
891 1119 956 1161 oras
972 1098 1262 1184 circumciduntur,
1273 1105 1327 1168 rel

253 1214 343 1278 sinus
369 1205 617 1294 complicantur,
639 1201 690 1266 rel
716 1201 869 1266 latercula
894 1201 1165 1268 conscinduntur.
1188 1207 1259 1269 lam
1283 1207 1328 1272 de

251 1314 336 1383 foliis
353 1311 550 1403 palimpsesti
567 1303 761 1373 ordinandis
772 1308 830 1371 etsi
845 1323 894 1371 est
909 1308 1025 1397 ingens
1041 1305 1082 1372 ad
1097 1308 1325 1377 disserendum

253 1427 360 1502 locus,
382 1435 509 1498 tamen,
533 1416 628 1480 utin
657 1429 865 1492 transcursu,
887 1413 1005 1478 feriter
1034 1415 1245 1504 stringendus
1275 1435 1328 1484 est

253 1528 409 1613 brevique
419 1521 602 1612 magisterio
614 1518 842 1584 absolvendus.
852 1519 1008 1583 Veterum
1020 1520 1142 1584 scilicet
1153 1545 1224 1588 mos
1235 1547 1329 1590 com·

199 1715 202 1722 ¹
254 1631 482 1726 ponendorum
499 1628 657 1692 librorum
670 1626 757 1691 idem
770 1642 854 1703 erat,
872 1627 928 1714 qui
945 1626 1031 1715 apud
1047 1649 1107 1692 nos
1124 1630 1327 1716 postinren-

253 1761 304 1807 tos
320 1757 415 1828 typos
431 1759 439 1801 :
456 1735 611 1800 nimirum
625 1733 707 1798 liber
718 1753 787 1796 non
806 1732 970 1821 esingulis
988 1735 1206 1824 separatisque
1221 1737 1327 1821 foliis,

254 1867 368 1912 verum
388 1841 577 1907 efoliorum
598 1839 725 1926 parium
742 1837 902 1901 fasciculis
916 1835 1158 1904 conficiebatur.
1175 1842 1218 1905 Hi
1234 1843 1330 1908 fasci·

255 1952 319 2018 culi
344 1945 553 2038 properium
580 1942 736 2023 foliorum
761 1963 901 2006 numero
926 1941 1082 2007 dicuntur
1105 1945 1204 2034 vulgo
1224 1945 1327 2012 duer-

252 2059 384 2136 niones,
406 2052 598 2132 terniones?
613 2046 842 2134 quaterniones
868 2063 925 2110 aut
948 2047 1206 2135 quintcrniones.
1229 2051 1327 2118 Non-

254 2181 433 2249 numquam
452 2157 549 2219 etiam
569 2151 718 2217 videmus
735 2153 804 2217 haec
814 2151 1042 2218 fasciculorum
1058 2177 1176 2244 genera
1188 2158 1221 2221 in
1235 2158 1329 2223 codi-

255 2269 347 2332 cibus
358 2259 572 2328 commisceri.
584 2260 621 2321 ln
633 2257 792 2345 cujusque
802 2257 945 2323 fasciculi
957 2275 1119 2347 postrema
1130 2261 1328 2352 plerumque

256 2371 372 2461 pagina
390 2383 468 2431 nota
481 2364 635 2429 scribitur
650 2364 839 2446 numeralis3
854 2385 927 2451 quae
942 2379 1051 2428 tamen
1068 2365 1249 2450 interdum,
1265 2371 1327 2436 sed

253 2478 375 2555 rarius,
392 2471 533 2536 occurrit
549 2471 584 2533 in
601 2469 705 2558 prima
717 2471 842 2559 pagina.
855 2471 1035 2558 Utramque
1052 2473 1327 2540 consuetudinem

254 2609 272 2648 a
291 2579 404 2670 primis
422 2577 518 2641 edam
541 2575 752 2664 typographis
774 2591 932 2639 retentam
959 2573 1117 2642 videmus.
1138 2579 1242 2669 igitur
1265 2582 1325 2668 qui

254 2688 400 2754 codicem
423 2681 554 2746 ordinat
573 2682 639 2746 huc
662 2683 809 2770 apprime
831 2699 974 2746 mentem
1001 2681 1166 2768 intendat,
1186 2701 1225 2750 ut
1246 2685 1325 2752 folia

253 2794 364 2874 dissita
389 2787 430 2854 ad
453 2809 529 2851 suos
553 2785 721 2851 fasciculos
753 2787 914 2871 retrahat3
949 2785 1083 2872 deiude,
1108 2806 1148 2853 ut
1172 2790 1233 2854 hos
1261 2815 1326 2880 pm

255 2915 405 2964 notarum
433 2893 516 2957 serie
541 2890 702 2980 disponat.
732 2890 771 2955 ld
796 2915 900 2980 quum
929 2892 964 2956 in
996 2892 1130 2982 integris
1155 2895 1325 2962 codicibus

255 3005 344 3070 facile
367 3000 419 3082 lit,
443 3015 514 3062 turn
535 2998 568 3061 in
591 2997 711 3062 mutilis
727 3014 760 3062 et
778 2983 1011 3087 pessumdatis,
1026 3015 1064 3063 ut
1081 3015 1159 3065 sunt
1176 3001 1326 3090 plerique

255 3131 388 3188 omnes,
417 3105 521 3168 multo
542 3103 743 3169 laboriosius.
767 3105 855 3187 Quid
878 3105 983 3186 enim,
1003 3105 1029 3170 si
1048 3123 1127 3170 nota
1151 3109 1324 3174 obscurata

254 3216 323 3282 est?
343 3211 441 3302 quid,
464 3212 490 3276 si
512 3211 669 3310 murnum
695 3210 837 3275 fasciculi
859 3211 976 3276 folium
997 3210 1219 3276 desideratur?
1241 3213 1324 3302 quid
1420 3251 1422 3256 .

252 3342 385 3400 rursus,
410 3317 436 3381 si
456 3317 624 3405 perierunt
642 3315 717 3380 folia
738 3316 862 3405 abquot
884 3315 1100 3381 intermedia?
1119 3318 1165 3382 ita
1180 3333 1219 3382 ut
1235 3341 1323 3384 nexu

254 3427 399 3506 sublato,
422 3425 575 3488 foliorum
594 3423 746 3511 quidem,
768 3424 796 3488 si
820 3441 898 3488 ncta
917 3441 1080 3516 superest,
1102 3442 1321 3492 extremorum

253 3553 440 3626 processum
456 3530 579 3611 videas,
596 3552 709 3595 rerum
731 3531 807 3596 folia
823 3531 1031 3614 intermedia,
1051 3531 1085 3596 in
1103 3555 1202 3622 quem
1218 3534 1323 3622 potis·

253 3643 333 3707 sime
352 3637 542 3702 fasciculum
558 3635 727 3716 conjicias,
744 3637 904 3702 incertum
919 3638 971 3702 sit.
986 3635 1071 3702 Illud
1083 3661 1216 3728 quoque
1230 3661 1323 3706 acce·

252 3749 302 3814 dit
326 3741 593 3822 incommodum,
616 3741 706 3829 quod
728 3743 855 3832 parium
879 3743 1034 3808 foliorum
1060 3767 1144 3832 saepe
1168 3745 1324 3833 plicatura

253 3864 445 3942 papauera
457 3863 515 3910 est.
529 3848 574 3910 Ea
586 3869 636 3910 res
649 3846 780 3934 quidem
795 3847 919 3912 dissuto
932 3846 1043 3912 codice
1052 3849 1149 3948 certis¹
1157 3849 1323 3916 interdum

252 3955 444 4023 membranae
461 3951 586 4016 indiciis
599 3975 632 4016 se
646 3953 714 4040 ipsa
726 3951 850 4040 prodit5
863 3955 978 4043 saepius
989 3972 1097 4020 tamen
1111 3955 1152 4020 de
1164 3959 1323 4022 sermonis

251 4077 406 4128 contextu
421 4056 642 4146 cognoscenda
661 4073 719 4122 est.
735 4057 824 4141 Quid
837 4059 990 4141 demum,
1006 4062 1032 4124 si
1050 4061 1125 4125 folia
1139 4061 1323 4150 complura,

250 4189 308 4236 aut
322 4165 431 4233 omnia
442 4213 451 4245 ‚
463 4165 597 4251 imparia
615 4165 714 4227 sunt?
730 4165 770 4227 Et
783 4165 922 4252 quidem'
930 4169 975 4232 ita
990 4190 1024 4232 se
1038 4167 1160 4234 habent
1174 4169 1197 4232 ii
1212 4169 1323 4234 cuncti
