2874 4898
482 428 762 498 rnnrstno.
1037 391 1042 410 ⁵
1114 452 1158 523 η

91 553 242 636 ridentur,
267 550 466 616 Justininnaei
495 551 616 615 scilicet
644 549 702 613 aevi
722 549 870 638 scriptor,
894 565 927 612 et
948 549 1084 616 fortasse
1106 551 1160 616 ille

91 661 200 725 Petrus
215 661 384 724 Protector
403 655 533 746 politica
551 656 698 720 doctrina
715 654 922 719 clarissimus.
942 657 973 719 Is
991 657 1092 746 igitur
1103 659 1163 722 Va·

90 768 211 830 tiernus
230 785 413 852 anonymus
428 761 529 826 libros
546 761 673 860 aliquot·
683 759 878 848 conscripsit
892 770 948 842 πιρὶ
964 777 1091 834 πολιτικῆς
1109 777 1163 828 tm-

89 883 199 954 πέμηςς
216 871 301 936 libro
317 885 426 934 eutem
446 868 582 956 quinto,
597 868 654 955 qui
670 883 720 932 est
736 865 776 930 de
790 867 870 930 Arte
885 863 1043 956 regnandi
1054 868 1162 956 (sicuti

88 981 222 1067 quintus
249 975 415 1040 Ciceronis
437 991 485 1040 est
504 973 544 1040 de
564 975 645 1062 reip.
665 973 820 1060 rectore),
838 975 998 1062 proponit
1015 994 1162 1040 summe-

87 1087 170 1150 rium
193 1086 229 1148 in
247 1081 415 1170 complura
431 1081 535 1169 capita
556 1081 734 1162 tributum,
757 1103 899 1168 quorum
923 1081 956 1144 in
976 1103 1044 1146 uno
1069 1105 1161 1146 com·

88 1192 212 1279 paratio
230 1189 267 1256 fit
281 1187 402 1278 politiae
421 1186 593 1250 Platonico·
609 1209 685 1250 cum
700 1185 863 1266 Tulliana3
885 1185 1041 1274 quodque
1059 1189 1161 1278 ungis

88 1298 239 1375 interest,
258 1293 428 1382 prefertur
444 1291 572 1356 Platoni
591 1292 716 1356 Cicero.
734 1291 853 1356 Merito
870 1291 971 1380 igitur
985 1291 1177 1358 fitemini·-

14 1443 15 1446 =
88 1425 159 1466 rnns
178 1398 309 1480 Gallus,
325 1414 358 1462 et
373 1395 415 1463 de
432 1397 515 1485 Rep.
533 1396 697 1460 Ciceronis
713 1396 837 1484 optime
856 1397 1009 1479 meritus,
1024 1399 1163 1462 liemar-

88 1509 148 1574 dus
169 1507 218 1596 (s)
233 1507 323 1596 prael.
341 1527 416 1570 nos.
434 1503 486 1570 ed.
502 1528 534 1594 p.
554 1527 603 1586 rs,
621 1498 804 1592 suspicatus
818 1519 885 1585 est,
900 1504 1051 1570 Graecum
1067 1506 1161 1570 illum

88 1615 195 1680 Photii
210 1633 413 1700 anonymum
425 1608 468 1674 sd
477 1608 668 1673 imitandum
680 1609 845 1672 Ciceronis
857 1609 1003 1697 politiam
1016 1609 1162 1676 studium

89 1743 185 1786 suum
206 1717 383 1784 contulisse
401 1739 409 1780 :
427 1737 518 1780 nunc
538 1732 649 1780 eutem
672 1714 846 1780 commode
871 1715 1004 1800 eccidit,
1027 1733 1066 1783 ut
1087 1719 1162 1784 reli·

90 1827 179 1916 quius
194 1825 367 1913 utriusque
381 1823 488 1912 operis
502 1821 732 1888 vaticanorum
751 1819 902 1886 codicum
918 1822 1078 1888 beneficio
1091 1826 1163 1888 vul-

90 1956 163 2024 gare
180 1933 286 1996 lioeot.

120 2080 160 2145 (s)
180 2078 331 2128 Bernartius.
343 2079 388 2127 Est
399 2088 458 2126 vero
467 2077 524 2126 libri
537 2079 589 2139 ejus
599 2076 652 2125 huc
665 2077 811 2143 inscriptio:
828 2101 839 2122 ι
853 2079 890 2126 De
903 2079 926 2127 ls
942 2077 1114 2144 repetitque,
1129 2095 1163 2128 on

89 2171 121 2218 clu
131 2169 245 2217 meilleur
256 2177 463 2232 gonsernesnent3
476 2181 584 2230 ouvrage
602 2163 633 2212 rls
649 2165 754 2215 Ciciron
768 2167 854 2216 re'tshli
868 2167 963 2232 d'sprss
982 2169 1016 2217 les
1031 2165 1165 2233 fragments

88 2271 112 2310 st
124 2275 163 2308 ses
176 2269 259 2307 sotres
272 2257 360 2314 eene.
379 2266 404 2304 et
417 2254 510 2304 trssiuit
523 2270 555 2302 sn
567 2253 672 2317 irsnmis
688 2271 748 2304 sreo
765 2255 807 2304 des
826 2268 897 2305 notes
912 2257 1061 2320 historiques
1076 2268 1102 2306 et
1112 2259 1161 2306 ori·

89 2349 184 2412 tiques,
195 2357 220 2394 et
232 2361 280 2394 nns
293 2343 450 2397 dissertstioo
463 2359 504 2392 sur
513 2341 626 2408 l'origine
641 2354 665 2392 et
678 2344 700 2392 le
713 2344 815 2408 pregri·
829 2344 871 2394 des
882 2345 1003 2406 scierim,
1021 2346 1064 2395 des
1076 2358 1125 2396 srts
1139 2358 1164 2400 et

12 2425 13 2428 ¹
90 2434 121 2482 dn
134 2434 194 2482 loxe
204 2432 264 2480 ebes
277 2431 311 2480 les
322 2429 449 2480 llornsins.
461 2429 582 2478 Nonrelle
596 2429 690 2478 e'dition
700 2446 775 2479 revue
788 2443 811 2478 et
825 2431 947 2496 corrigie,
958 2431 972 2480 is
983 2425 1089 2498 lsqnelle
1102 2451 1135 2483 on
1149 2451 1162 2482 s

85 2519 150 2581 joint
163 2520 188 2569 ls
202 2529 268 2567 texte
286 2517 360 2576 letio,
377 2532 435 2564 sssc
455 2515 520 2563 deux
541 2515 709 2564 dissertatione
726 2517 867 2566 nouvelles:
883 2532 906 2568 r.
916 2518 1069 2568 lleelrerches
1085 2538 1128 2569 sur
1142 2522 1165 2570 le

89 2609 159 2658 estse
171 2607 202 2656 de
213 2604 331 2664 eleison,
344 2603 443 2653 intituli
460 2603 490 2652 sie
504 2603 527 2652 ls
541 2604 626 2653 Glolrc
637 2627 649 2646 υ
663 2621 669 2653 :
682 2621 737 2669 quse
751 2605 857 2671 prolssre
871 2607 925 2655 vult
943 2607 969 2655 in
986 2608 1031 2657 lrsc
1050 2609 1162 2659 dinem-

89 2698 156 2746 tioue
175 2694 326 2752 Bernartius,
338 2693 489 2758 Alcyoninm
504 2691 596 2741 sseculo
614 2695 664 2741 XV
676 2710 703 2741 rs
720 2709 777 2742 ven
793 2695 937 2758 superstites
953 2695 1066 2746 hsbuisse
1086 2695 1164 2747 libros

89 2785 217 2836 Ciceronis
231 2783 262 2832 de
275 2784 371 2842 Gloria,
383 2797 486 2846 eosque,
505 2792 636 2846 postquam
646 2781 741 2846 sliquos
751 2799 836 2832 eorum
849 2785 944 2834 lseiuiis
955 2801 1014 2833 snos
1027 2785 1058 2834 de
1071 2787 1164 2836 Exsilio

88 2875 166 2923 libros
186 2881 368 2929 exornaverat.
385 2871 437 2936 igni
451 2869 490 2918 vel
506 2870 556 2918 ulio
570 2870 645 2922 uodo
659 2873 814 2940 corrupipse:
832 2895 844 2916 ι
855 2883 883 2920 s·
894 2875 941 2922 Sur
952 2875 987 2922 les
1001 2875 1165 2926 Fondensents
1231 2931 1240 2942 ,

92 2963 124 3010 do
134 2963 202 3009 droit
216 2970 240 3008 et
254 2960 284 3008 tle
297 2960 319 3006 lu
333 2961 426 3009 Jostioe
438 2974 497 3024 ,prr
508 2959 545 3008 tt.
559 2958 690 3018 Bernarffi,
711 2959 798 3009 svott.
812 2961 893 3020 Paris,
910 2962 969 3010 cher
984 2963 1103 3024 Delsnce,
1115 2965 1161 3012 isn-

91 3047 322 3114 priureor-lihrsirs,
338 3049 416 3108 1807,
425 3046 444 3094 f.
457 3047 501 3094 8».
514 3044 620 3110 Collegit
629 3046 655 3093 irs
665 3046 714 3094 hoc
727 3063 801 3110 opere
815 3049 953 3097 Bernsrdus
965 3067 995 3097 ex
1008 3051 1078 3098 libris
1092 3053 1162 3103 Cice-

91 3139 158 3186 ronis
174 3135 347 3201 superstitibus
363 3135 446 3182 omnis
465 3135 527 3195 iere,
547 3150 602 3199 qno
620 3135 651 3182 de
669 3135 794 3200 republica
809 3137 1001 3187 ssltninistronda
1012 3142 1086 3190 seriis
1103 3142 1165 3190 locis

92 3223 445 3290 strutdisputats,sdnsixt1s‚
459 3239 515 3288 qun
529 3223 597 3290 prius
614 3223 764 3284 lsrsbsutun
779 3225 899 3274 librorum
917 3227 947 3276 de
965 3229 1102 3293 llepoblirs
1119 3233 1165 3279 irs-

92 3315 214 3380 gnsun's,
228 3329 329 3377 esseque
339 3311 484 3378 ferrugineus
496 3313 554 3362 satis
566 3313 695 3362 commode
709 3315 735 3362 in
747 3329 792 3364 sex
809 3315 887 3364 libros
898 3317 1011 3366 centonis
1027 3317 1103 3368 instsr
1116 3319 1165 3368 slis-

93 3403 180 3454 triboit
191 3403 224 3452 sd
236 3401 338 3450 merium
350 3402 454 3462 Brossii,
464 3403 507 3466 qnl
519 3402 658 3452 Ssllostisui
670 3403 829 3452 historisrnur
843 3406 925 3470 operis
939 3405 1097 3472 (quemquern
1111 3425 1162 3460 nou

93 3508 188 3560 semper
202 3502 317 3540 socorste
330 3489 440 3541 sslhilsits
457 3502 508 3538 erte
522 3490 622 3556 critios)
642 3490 795 3556 probshileut
812 3493 927 3542 rouflsrit
944 3495 1057 3560 speeiem.
1080 3496 1167 3546 Obiter

12 3615 13 3626 r
93 3597 183 3628 oroneo
194 3595 273 3628 errsre
287 3577 435 3627 Bernsrdutu
446 3579 472 3628 in
484 3595 526 3628 sos
545 3579 576 3626 ds
587 3581 710 3645 Alcyonio
723 3580 890 3646 disputatione
904 3583 932 3646 (t.
946 3585 982 3646 11,
997 3601 1024 3650 p.
1039 3587 1088 3637 ssi
1102 3588 1165 3650 sq.)‚

12 3657 13 3660 Ἴ
93 3670 114 3716 si
130 3669 209 3716 credit
221 3668 287 3715 hooc
300 3667 418 3732 Alcyonii
430 3666 513 3716 locum
528 3683 580 3715 esse
593 3685 625 3716 ex
643 3663 713 3716 libris
725 3670 755 3717 de
765 3669 864 3726 Gloria,
885 3671 975 3721 ubisit
988 3673 1054 3738 (psg.
1067 3675 1164 3731 roted.

93 3757 418 3821 Mmkeuii,Llps.1705):
436 3767 485 3803 unt
506 3755 611 3804 eximius
629 3768 712 3804 orstor
730 3759 849 3807 isocrates
865 3761 956 3821 refert,
977 3763 1046 3822 cujus
1064 3763 1163 3826 quidem

92 3846 193 3911 optimis
201 3835 332 3910 prureptii
341 3855 365 3892 et
377 3859 471 3898 susums
483 3845 624 3909 eloquentis
635 3845 772 3909 adductus,
786 3849 876 3912 sapius
886 3847 985 3898 lsudsns
996 3849 1078 3908 soleo,
1091 3867 1164 3915 qussn

94 3934 196 3980 forsitan
209 3947 309 3980 neeesse
321 3934 351 3980 sit
362 3953 383 3982 ι.
399 3934 493 3980 Verum
507 3943 555 3990 est,
571 3933 656 3981 insunt
668 3934 726 3990 hnic
739 3935 797 3984 loco
809 3937 881 3984 verbs
894 3937 1036 3996 Ciceronis,
1055 3937 1097 3986 sed
1111 3956 1161 3988 rne-

94 4021 196 4069 moriter
218 4031 243 4068 et
261 4036 347 4083 parurn
368 4020 489 4084 elegenter
509 4035 540 4068 ex
554 4020 626 4068 initio
646 4022 711 4069 tertii
730 4023 856 4072 Ciceronis
875 4025 905 4071 de
923 4021 1027 4089 Legibus
1044 4025 1101 4073 libri
1120 4027 1163 4076 sle-

95 4119 207 4174 prompte
218 4109 258 4157 vel
272 4107 366 4157 detorto
379 4111 475 4174 potius,
493 4107 535 4156 nbi
549 4109 640 4158 Noster
659 4109 690 4158 sle
711 4110 813 4160 Plutone
834 4111 949 4176 loquens,
961 4135 973 4154 u
984 4113 1074 4177 Sequsr
1084 4115 1169 4178 igitur.

12 4191 13 4216 r
94 4200 139 4258 sit,
157 4209 185 4246 ot
197 4199 305 4258 institui,
324 4198 433 4246 divinum
448 4197 516 4247 illum
532 4200 624 4258 virunn
634 4215 719 4264 quero,
734 4201 1008 4266 qusslrmsslruirstione
1018 4216 1167 4258 commotos,

95 4287 183 4352 sepios
200 4288 300 4336 iortssse
314 4286 404 4350 leudo,
418 4303 490 4352 quens
502 4304 600 4338 necesse
610 4299 647 4337 est
656 4311 676 4339 ι.
690 4290 744 4338 ils.
