2874 4898
506 455 799 544 ,sacrario
1143 460 1189 552 3,

123 597 218 664 quare
241 592 274 640 et
299 576 357 641 has
379 577 523 640 Vaticani
552 577 672 642 codicis
701 592 795 642 notas
822 578 1027 665 interpretari
1054 578 1187 644 deinum

122 682 236 747 licebit.
252 681 428 770 Augustini
445 681 548 746 codex
563 683 658 778 initio
674 683 807 770 quidem
825 683 952 771 integer
966 701 1032 766 est,
1046 687 1188 774 utiqua-

121 790 308 853 ternionurn
331 789 428 854 series
455 786 675 871 demonstrat3
696 789 823 853 laborat
844 788 879 851 in
903 789 1028 872 medio,
1048 807 1085 854 ut
1104 792 1188 874 dixi;

120 911 189 958 turn
203 895 238 957 in
255 894 321 958 fine
335 911 459 984 partem
472 896 523 960 sni
541 896 669 961 tertiam
683 896 811 980 amisit:
824 911 939 960 auctor
954 897 1042 960 enim
1054 917 1138 984 opus
1149 897 1190 962 ad

118 999 279 1090 psalmum
302 1023 407 1089 usque
428 1025 467 1066 ca
492 1001 662 1090 produxit,
685 1003 844 1090 scriptura
866 1021 944 1067 vero
966 1001 1089 1067 codicia
1111 1003 1191 1067 citra

119 1106 280 1194 pulsuum
292 1125 378 1187 cxnr,
391 1106 569 1194 etquidem
581 1101 615 1170 in
630 1107 710 1171 foiio
723 1107 844 1189 lacero,
859 1106 985 1172 desinit
999 1107 1097 1196 Ergo,
1110 1125 1194 1195 quot

15 1295 16 1300 ἵ
118 1209 194 1275 folia
214 1211 408 1300 Augustini,
433 1209 569 1275 totidem
595 1212 762 1276 Ciceronis
786 1211 964 1276 amisimus.
992 1211 1059 1276 Alia
1081 1225 1190 1278 tamen
1229 1217 1235 1222 '

15 1399 16 1408 ἵ
119 1339 192 1404 pars
212 1319 476 1382 membranarum
500 1317 540 1382 de
560 1319 640 1408 nep.
663 1320 733 1384 sinc
754 1315 857 1383 dubio
880 1317 984 1397 major
1003 1319 1055 1382 vel
1077 1319 1191 1384 rescri-

15 1409 16 1442 ³
119 1421 232 1486 bendo
242 1423 370 1512 reliquo
383 1425 556 1514 Augustini
571 1425 680 1512 operi,
692 1424 742 1488 vel
753 1423 822 1490 aliis
831 1411 945 1488 usibus
956 1419 1100 1488 adhibita
1111 1425 1192 1490 fuit:

119 1551 188 1592 uuo
215 1545 303 1593 certe
322 1529 491 1594 roiumine
510 1553 618 1618 neque
634 1530 751 1612 Tullii,
775 1551 882 1617 neque
897 1529 997 1618 ipsius
1021 1532 1193 1620 Augustini

119 1657 205 1722 opus
228 1634 381 1699 concludi
408 1635 526 1725 potuit.
556 1637 640 1700 Sane
663 1635 832 1723 Augustini
859 1635 1129 1700 commentarium
1153 1636 1195 1700 ad

120 1740 264 1827 psalmos
288 1740 321 1802 in
346 1739 477 1804 duobus
497 1757 648 1830 practerea
672 1741 738 1803 vidi
759 1740 927 1805 codicibus
947 1742 1196 1829 antiquissimis,

120 1869 239 1935 nempe
253 1846 287 1909 in
303 1847 459 1912 Vaticano
476 1847 583 1912 sarculi
603 1848 705 1911 ferme
718 1847 862 1936 septimi,
876 1865 912 1911 et
925 1847 959 1910 in
977 1847 1194 1913 Vallicelliano

120 1952 229 2027 sacculi
247 1953 350 2016 sexti:
367 1973 509 2040 quorum
515 1959 673 2040 'aspectus
696 1953 755 2017 etsi
775 1951 919 2041 primum
935 1973 989 2017 tue
1006 1952 1192 2029 delectarit,

119 2073 221 2144 atque
243 2057 278 2120 in
305 2079 395 2146 spem
412 2057 585 2145 quamdam
603 2059 721 2142 erexit,
738 2079 815 2122 mox
830 2075 957 2140 tamen,
979 2075 1054 2147 qiua
1078 2059 1195 2149 depre-

120 2163 222 2228 hendi
250 2187 317 2228 non
342 2187 411 2229 esse
440 2165 682 2254 palimpsestos,
713 2163 794 2229 nulli
827 2187 882 2229 eos
910 2165 990 2228 mihi
1016 2167 1090 2230 usui
1124 2167 1196 2232 fore

121 2291 288 2358 cognovn.

317 2411 357 2474 X.
386 2409 542 2475 Ciceronis
561 2413 617 2475 sub
635 2399 817 2500 Augustino
832 2418 993 2500 scriptum.

166 2560 231 2626 Sed
255 2562 354 2624 misso
373 2561 439 2640 jam
461 2561 660 2650 Augustino,
683 2560 723 2625 ad
741 2554 947 2642 Tullianum,
963 2560 1055 2648 quod
1075 2563 1136 2626 suit
1155 2588 1197 2628 eo

122 2671 217 2750 latet,
240 2666 398 2753 scriptum
416 2665 616 2732 veniendum
635 2682 692 2731 est.
715 2667 828 2748 Quum
850 2689 911 2755 ego
928 2665 1049 2732 multos
1072 2685 1195 2733 veteres

121 2775 346 2864 palimpsestos
361 2767 428 2852 jam
446 2771 599 2854 viderim,
625 2787 696 2836 tum
719 2755 821 2863 prope
842 2773 876 2834 in
903 2771 1031 2836 uuilum
1050 2774 1198 2862 spatiosis

120 2903 215 2968 acque
232 2877 332 2942 literis
349 2893 513 2940 exaratum
531 2901 584 2942 me
602 2876 744 2944 incidere
763 2877 907 2942 memini.
924 2879 1090 2942 Trecentae
1107 2877 1197 2943 duae-

122 3010 207 3075 que,
232 3002 271 3049 ut
293 2983 378 3066 dixi,
396 2985 522 3074 paginae
541 2999 618 3048 sunt
641 3007 649 3048 ε
674 2985 808 3073 singulm
832 3007 910 3049 vcro
928 2985 1014 3048 binis
1035 2983 1198 3050 laterculis

122 3107 296 3158 constant:
316 3115 389 3182 quae
407 3114 520 3155 rursus
533 3091 683 3155 latercula
703 3091 828 3180 singula
842 3092 1105 3180 complectuntur
1123 3117 1199 3156 ver-

123 3223 178 3265 sus
193 3197 398 3288 quindecim,
422 3197 466 3262 ita
483 3214 521 3261 ut
538 3197 572 3261 in
590 3199 679 3261 omni
699 3197 816 3287 pagina
832 3197 965 3288 triginta
979 3197 1045 3263 sint
1065 3222 1196 3279 versus;

124 3309 157 3370 in
181 3304 316 3394 singulis
339 3326 416 3368 vcro
439 3303 586 3367 versibus
610 3303 709 3367 literae
730 3303 858 3367 circiter
883 3300 1005 3368 decem.
1030 3303 1198 3386 Quoniam

15 3449 16 3483 r
124 3413 225 3500 igitur
247 3411 349 3487 literae
371 3407 575 3500 praegrandes
597 3425 691 3488 sunt,
715 3409 862 3498 sequitur
887 3424 925 3472 ut
945 3410 1086 3473 materiae
1105 3411 1199 3499 copia

15 3541 16 3566 t
124 3515 293 3581 volumine
315 3538 376 3580 suo
402 3515 511 3579 minor
536 3537 604 3578 esse
628 3513 901 3604 deprehendatur.
925 3515 1032 3599 Quam
1061 3516 1104 3580 ob
1130 3539 1199 3580 reru
1286 3579 1289 3584 .

125 3624 199 3687 licet
217 3622 357 3710 graviter
379 3621 582 3711 expostulare
599 3643 675 3684 cum
691 3619 792 3684 livore
810 3620 968 3702 fortunae,
987 3645 1060 3708 quae
1075 3638 1198 3685 tantam

126 3729 235 3818 operis
251 3745 373 3817 partem
395 3751 455 3791 nos
473 3726 582 3792 adhuc
599 3726 690 3790 celat.
711 3725 811 3794 Tituli
828 3727 989 3791 librorum
1009 3744 1080 3792 toto
1097 3727 1200 3791 ferme

127 3835 238 3900 codice
255 3849 412 3925 apparent
429 3857 534 3922 usque
553 3831 594 3899 ad
611 3833 776 3922 quintum.
795 3831 910 3898 Sextus
929 3834 1012 3897 liber
1028 3833 1199 3897 universus

127 4027 168 4075 ed.
179 4029 303 4086 Roma,
315 4041 388 4089 quan
398 4025 518 4090 inspicue
532 4025 592 4072 mihi
605 4041 655 4073 noo
671 4025 748 4086 licuit,
767 4026 801 4074 ita
815 4027 929 4074 exbibete
939 4025 1055 4074 videatur.
1070 4024 1117 4074 Sed
1130 4024 1202 4071 intel·

132 4115 243 4180 ligeudus
251 4126 289 4164 est
300 4115 419 4179 Aoppius,
431 4115 500 4174 cujus
513 4129 576 4178 opus
588 4117 828 4180 praestantissimum,
841 4115 1032 4179 Paiuographia,
1048 4115 1120 4164 etiam
1134 4113 1200 4180 opud

135 4215 230 4252 exteros
243 4205 330 4252 merito
346 4203 486 4251 celebratur.
501 4204 554 4250 Ma.
