2874 4898
190 427 198 438 “
261 409 302 482 ι6
617 407 818 474 ANGELI
843 407 966 475 ΜΑΙΙ
1014 470 1016 477 .

256 547 330 622 post
346 527 470 594 editum
478 526 604 607 jamdiu
614 526 656 591 de
668 529 861 593 Inventione
875 527 1037 594 rhetorice
1050 551 1147 618 opus,
1163 531 1333 618 superiore

257 655 346 700 anno
363 631 464 696 libros
481 629 523 696 de
538 632 676 696 Oratore
694 655 728 696 se
744 632 918 698 absolvisse
937 633 982 698 ait
997 633 1110 698 Cicero
1127 631 1168 698 ad
1185 635 1335 702 Atticum

257 737 418 820 scribens,
430 737 487 818 lv,
504 735 560 818 133
578 739 690 825 quain
705 739 839 826 epistola
850 739 999 802 meminit
1011 739 1132 820 Crassi,
1146 741 1203 828 qui
1217 741 1336 808 eodem

257 861 405 936 tempore
421 843 593 933 paludatus
612 845 647 908 in
666 847 866 933 provinciam
883 861 951 910 erat
965 845 1131 934 profectus
1154 847 1221 934 (1);
1240 850 1336 930 cujus

256 949 465 1040 protectionis
481 972 607 1014 annum
624 943 722 1014 fuisse
741 951 837 1015 Urbis
854 950 936 1038 699,
949 951 1153 1041 exploratum
1172 970 1221 1018 est
1235 977 1243 1017 :
1256 977 1337 1018 nam

257 1055 465 1120 consulatum
478 1078 554 1120 cum
569 1056 730 1144 Pompeio·
742 1058 876 1121 Crassus
885 1057 1035 1146 ,gerebat
1051 1057 1222 1146 Temporis
1235 1059 1338 1148 igitur

256 1162 333 1226 lecit
348 1164 585 1252 propinquitas,
598 1182 635 1229 ut
648 1164 791 1229 duorum
809 1187 948 1254 operum
964 1164 1095 1230 exordia
1111 1189 1227 1253 parum
1243 1167 1339 1231 dissi·
1421 1229 1425 1240 ,

257 1267 326 1332 mili
346 1269 472 1334 ratione
493 1286 688 1336 tererentur.
705 1265 808 1335 Porro
831 1272 864 1333 in
880 1269 979 1334 Tullii
997 1270 1196 1336 editionibus
1216 1272 1337 1360 siquis
1385 1317 1388 1324 -

258 1372 385 1461 singula
394 1374 516 1466 ¹scripta
528 1375 764 1464 chronologico
780 1374 896 1439 ordine
911 1374 1084 1462 disponere
1096 1377 1201 1458 volet,
1216 1378 1244 1439 ei
1259 1393 1339 1464 post

257 1480 418 1544 oratorios
441 1479 482 1545 ad
498 1481 663 1564 Quintum
680 1480 797 1563 libros,
814 1483 938 1571 politici
953 1481 1134 1546 collocandi
1150 1497 1264 1565 erunt;
1282 1483 1337 1547 sin

257 1605 335 1649 tero
352 1588 494 1651 materiae
515 1588 672 1652 rationem
690 1586 841 1670 habebit,
863 1585 1024 1651 librosde
1043 1588 1121 1675 Rep.
1142 1603 1218 1652 ante
1234 1587 1337 1654 libros

260 1688 302 1756 de
313 1693 454 1782 Legibus
469 1711 578 1784 ponet.
591 1696 727 1784 Reliqua
738 1696 909 1784 Ciceronis
917 1717 1017 1783 opera
1027 1695 1096 1783 ipsa
1107 1717 1141 1758 se
1154 1698 1339 1784 posteriora

261 1819 332 1863 esse
350 1801 513 1888 produnt,
529 1803 580 1867 vel
594 1803 671 1892 quia
685 1819 813 1891 tempus
827 1803 1022 1890 inscriptum.
1036 1802 1175 1883 babent,
1192 1803 1243 1866 vel
1258 1805 1338 1890 quia

262 1903 412 1992 politicos
435 1909 535 1974 libros
557 1924 826 1976 commemorant.
856 1908 959 1972 Editis
982 1907 1022 1972 de
1046 1909 1127 1996 Rep.
1154 1907 1244 1972 libris
1265 1931 1338 1973 non

262 2009 461 2080 mediocrem
488 2015 649 2080 scribendi
674 2013 947 2103 intercapedinem
982 2014 1095 2078 fecisse
1123 2013 1267 2077 Tullium
1291 2015 1339 2079 ait

262 2116 388 2184 Atticus
402 2121 489 2211 apud
506 2120 656 2186 eumdem
670 2121 704 2185 in
724 2121 844 2202 Bruto,
858 2143 928 2208 cap.
949 2119 976 2185 5.
994 2121 1114 2184 Utrum
1127 2141 1206 2184 vero
1222 2135 1341 2185 auctor

263 2225 402 2312 septimo
421 2227 476 2292 illo
496 2225 639 2292 saeculari
655 2226 752 2292 Urbis
769 2247 857 2290 anno
874 2225 974 2289 libros
991 2225 1142 2314 politicos
1162 2223 1204 2288 ad
1225 2225 1342 2288 umbi·

263 2329 363 2396 licum
382 2333 566 2416 deduxerit,
582 2333 672 2398 haud
694 2333 819 2423 liquido
843 2348 980 2397 constat.
998 2333 1208 2420 Quamquam
1226 2355 1342 2421 reapse

250 2438 387 2508 tullius
414 2443 494 2506 mira
522 2441 683 2506 celeritate
706 2457 804 2528 atque
826 2439 1011 2504 assiduitate
1037 2439 1176 2505 scribere
1193 2438 1341 2524 solebat,

267 2543 360 2624 cujus
378 2546 424 2610 rei
439 2546 620 2610 testimonia
644 2543 733 2634 apud
751 2541 859 2634 ipsum
877 2561 953 2608 sunt
970 2543 1017 2631 (a)
1033 2567 1041 2608 :
1060 2542 1148 2607 unde
1165 2545 1232 2608 lere
1248 2543 1342 2608 colli·

265 2649 371 2738 gimus
386 2650 531 2716 Tullium
548 2653 643 2716 unica
659 2651 711 2716 illa
726 2650 815 2740 apud
832 2653 950 2715 Cumas
969 2650 1179 2714 rusticatione
1195 2651 1342 2740 potuisse

267 2777 351 2844 opus
368 2759 543 2823 absolvere.
564 2758 606 2822 Et
624 2775 732 2825 tamen
751 2780 791 2822 eo
809 2779 897 2821 anno
914 2756 1192 2846 negotiosissimus
1214 2757 1248 2820 in
1270 2781 1342 2845 rep.

267 2861 318 2926 vir
340 2865 496 2954 plurimas
522 2881 553 2928 et
580 2887 681 2952 prope
709 2861 913 2951 quotidianas
934 2884 1045 2926 causas
1072 2861 1146 2950 egit.
1173 2862 1226 2925 Ait
1250 2862 1343 2927 enim

268 2991 355 3034 anno
369 2968 410 3034 ad
422 2972 552 3034 fratrem
565 2970 710 3034 scribens
728 2967 774 3056 (3)
789 2991 796 3032 :
812 2998 824 3024 ιι
837 2965 923 3030 diem
934 2968 1063 3031 nullum
1077 2989 1145 3031 esse
1159 2968 1257 3048 scito,
1273 2991 1343 3055 quo

269 3073 322 3139 die
339 3093 406 3140 uon
424 3074 528 3140 dicam
543 3099 604 3164 pro
620 3099 709 3140 reo».
728 3075 812 3139 Nam
829 3089 861 3138 et
878 3074 981 3138 Crassi
996 3073 1138 3138 absentis
1157 3095 1287 3138 causam
1305 3075 1343 3137 in

270 3199 385 3248 senatu
401 3181 547 3247 defendit
568 3205 575 3247 :
593 3199 665 3246 tum
682 3181 765 3248 dixit
783 3181 945 3246 orationes
959 3196 1071 3245 contra
1087 3183 1341 3264 Interamnates,

304 3352 344 3420 (ι)
361 3353 434 3403 Cous.
448 3354 495 3418 Ep.
509 3354 541 3402 ed
556 3357 658 3412 Fami,
678 3369 703 3416 9.

307 3443 346 3510 (a)
363 3443 521 3508 Debegg.l,
536 3443 568 3501 ὃς
588 3441 620 3490 ad
630 3442 709 3492 Attio.
723 3443 784 3500 ΧΠ,
800 3449 849 3498 tt,
869 3447 914 3498 4ο,
930 3441 1068 3499 x111,2s;
1084 3439 1265 3501 edFstn.V11,
1283 3440 1339 3500 ²⁸3

273 3531 343 3579 Oret.
353 3531 396 3580 3⁰.
506 3529 511 3538 “

308 3619 345 3684 (3)
362 3619 415 3668 Lib.
425 3622 474 3679 111,
492 3621 518 3670 ³.
533 3647 566 3656 —
584 3621 632 3668 Pro
647 3619 764 3667 Gabinio.
775 3621 863 3668 Mouet
877 3633 942 3666 oeus.
954 3617 1023 3682 Lips.
1033 3617 1052 3666 l.
1067 3634 1091 3666 c.
1105 3617 1130 3665 in
1140 3617 1258 3682 epistola,
1269 3633 1344 3682 quern

273 3707 355 3757 laudet
366 3711 397 3757 Δ.
411 3709 493 3757 Maius
511 3708 543 3756 ed
557 3710 589 3770 Q.
600 3709 629 3756 fr.
641 3709 692 3768 ili,
709 3715 737 3766 t,
755 3707 897 3756 Ciceronem
909 3707 992 3769 potius
1006 3705 1037 3754 ds
1050 3706 1148 3756 Gabinii
1160 3706 1256 3768 judicio
1269 3705 1346 3767 rusie·

276 3798 345 3846 stetis
358 3797 439 3862 loqui,
457 3813 536 3862 eoque
551 3796 652 3845 defenso
671 3813 696 3844 se
715 3795 838 3843 infamiam
856 3796 1027 3859 sempiternam
1043 3795 1180 3844 subiturum
1196 3794 1267 3842 luisse
1282 3811 1345 3844 cou-

272 3886 371 3934 teudere
383 3901 390 3935 ι
404 3886 516 3936 eumdem
529 3897 609 3934 tamen
624 3884 756 3934 Gabinium
771 3883 856 3948 paullo
870 3895 953 3948 posta
968 3885 1086 3934 Cicerone
1097 3884 1127 3932 de
1138 3883 1279 3948 repetundis
1292 3901 1346 3934 esse

273 3975 406 4025 defensum.
419 3979 517 4024 Frustra
530 3974 653 4024 videlicet.
666 3972 726 4022 vid.
735 3974 773 4022 tt.
785 3975 816 4022 Τ.
828 3973 880 4023 Cic.
890 3973 1012 4022 historin
1026 3973 1186 4044 Fr.1·'ebrioio
1199 3971 1344 4022 Marcodur.

270 4065 407 4130 conscripta
420 4063 451 4111 ed
460 4079 518 4111 aun.
529 4063 592 4112 Urb.
608 4063 672 4125 699,
684 4076 739 4126 pag.
749 4063 784 4122 pil
794 4061 835 4110 ed.
843 4063 903 4110 an.
913 4063 974 4111 min.
984 4059 1056 4110 Adde
1071 4061 1204 4111 Corredusn
1224 4060 1249 4106 in
1267 4061 1344 4120 Que-

272 4162 351 4210 stura‚
362 4167 416 4216 pag.
428 4151 487 4206 abl.
497 4152 553 4200 Mn.
1185 4163 1189 4176 ·
