<?xml version="1.0" encoding="UTF-8"?>
<!DOCTYPE html PUBLIC "-//W3C//DTD XHTML 1.0 Transitional//EN"
    "http://www.w3.org/TR/xhtml1/DTD/xhtml1-transitional.dtd">
<html xmlns="http://www.w3.org/1999/xhtml" xml:lang="en" lang="en">
 <head>
  <title>
</title>
<meta http-equiv="Content-Type" content="text/html;charset=utf-8" />
  <meta name='ocr-system' content='tesseract 3.04.00' />
  <meta name='ocr-capabilities' content='ocr_page ocr_carea ocr_par ocr_line ocrx_word'/>
</head>
<body>
  <div class='ocr_page' id='page_1' title='image "bibliothecaclas91lemagoog_0048.png"; bbox 0 0 2874 4898; ppageno 0'>
   <div class='ocr_carea' id='block_1_1' title="bbox 491 424 1156 498">
    <p class='ocr_par' dir='ltr' id='par_1_1' title="bbox 491 424 1156 498">
     <span class='ocr_line' id='line_1_1' title="bbox 491 424 1156 498; baseline 0.005 -5"><span class='ocrx_word' id='word_1_1' title='bbox 491 424 762 498; x_wconf 78' lang='lat' dir='ltr'><strong>PRAEFATIO.</strong></span> <span class='ocrx_word' id='word_1_2' title='bbox 1116 424 1156 496; x_wconf 77' lang='lat'>31</span> 
     </span>
    </p>
   </div>
   <div class='ocr_carea' id='block_1_2' title="bbox 14 537 1285 3715">
    <p class='ocr_par' dir='ltr' id='par_1_2' title="bbox 88 537 1285 2338">
     <span class='ocr_line' id='line_1_2' title="bbox 92 537 1162 642; baseline -0.004 -24"><span class='ocrx_word' id='word_1_3' title='bbox 92 551 177 642; x_wconf 88' lang='lat' dir='ltr'>qnod</span> <span class='ocrx_word' id='word_1_4' title='bbox 195 550 277 617; x_wconf 88' lang='lat' dir='ltr'>illud</span> <span class='ocrx_word' id='word_1_5' title='bbox 294 550 447 613; x_wconf 82' lang='lat' dir='ltr'>volumen</span> <span class='ocrx_word' id='word_1_6' title='bbox 465 547 528 616; x_wconf 88' lang='lat' dir='ltr'>sibi</span> <span class='ocrx_word' id='word_1_7' title='bbox 542 548 607 627; x_wconf 83' lang='lat' dir='ltr'>jam</span> <span class='ocrx_word' id='word_1_8' title='bbox 631 547 672 611; x_wconf 90' lang='lat' dir='ltr'>ad</span> <span class='ocrx_word' id='word_1_9' title='bbox 690 569 806 610; x_wconf 84' lang='lat' dir='ltr'>manus</span> <span class='ocrx_word' id='word_1_10' title='bbox 823 567 890 608; x_wconf 90' lang='lat' dir='ltr'>non</span> <span class='ocrx_word' id='word_1_11' title='bbox 904 537 1002 610; x_wconf 80' lang='lat' dir='ltr'>esset.</span> <span class='ocrx_word' id='word_1_12' title='bbox 1019 547 1162 614; x_wconf 83' lang='lat' dir='ltr'>Tantum</span> 
     </span>
     <span class='ocr_line' id='line_1_3' title="bbox 91 649 1176 748; baseline -0.004 -26"><span class='ocrx_word' id='word_1_13' title='bbox 91 679 188 746; x_wconf 83' lang='lat' dir='ltr'>opus,</span> <span class='ocrx_word' id='word_1_14' title='bbox 212 653 401 745; x_wconf 80' lang='lat' dir='ltr'>quingentis</span> <span class='ocrx_word' id='word_1_15' title='bbox 424 652 545 716; x_wconf 83' lang='lat' dir='ltr'>abhinc</span> <span class='ocrx_word' id='word_1_16' title='bbox 563 653 656 716; x_wconf 88' lang='lat' dir='ltr'>annis</span> <span class='ocrx_word' id='word_1_17' title='bbox 675 676 694 716; x_wconf 90' lang='lat' dir='ltr'>a</span> <span class='ocrx_word' id='word_1_18' title='bbox 712 649 884 714; x_wconf 87' lang='lat' dir='ltr'>Petrarcba</span> <span class='ocrx_word' id='word_1_19' title='bbox 901 652 1039 734; x_wconf 84' lang='lat' dir='ltr'>lectum,</span> <span class='ocrx_word' id='word_1_20' title='bbox 1061 653 1088 718; x_wconf 87' lang='lat' dir='ltr'>si</span> <span class='ocrx_word' id='word_1_21' title='bbox 1111 656 1176 748; x_wconf 69' lang='lat' dir='ltr'>cui⁴</span> 
     </span>
     <span class='ocr_line' id='line_1_4' title="bbox 90 755 1165 832; baseline -0.002 -4"><span class='ocrx_word' id='word_1_22' title='bbox 90 765 224 828; x_wconf 84' lang='lat' dir='ltr'>demunt</span> <span class='ocrx_word' id='word_1_23' title='bbox 250 759 377 826; x_wconf 83' lang='lat' dir='ltr'>mortali</span> <span class='ocrx_word' id='word_1_24' title='bbox 399 781 434 824; x_wconf 87' lang='lat' dir='ltr'>se</span> <span class='ocrx_word' id='word_1_25' title='bbox 460 758 631 823; x_wconf 87' lang='lat' dir='ltr'>visendum</span> <span class='ocrx_word' id='word_1_26' title='bbox 656 757 854 832; x_wconf 75' lang='lat' dir='ltr'>constituet,</span> <span class='ocrx_word' id='word_1_27' title='bbox 874 755 903 820; x_wconf 81' lang='lat' dir='ltr'>&#39;is</span> <span class='ocrx_word' id='word_1_28' title='bbox 929 760 1046 824; x_wconf 79' lang='lat' dir='ltr'>merito</span> <span class='ocrx_word' id='word_1_29' title='bbox 1069 761 1165 826; x_wconf 83' lang='lat' dir='ltr'>heca·</span> 
     </span>
     <span class='ocr_line' id='line_1_5' title="bbox 91 861 1167 960; baseline -0.002 -26"><span class='ocrx_word' id='word_1_30' title='bbox 91 870 225 934; x_wconf 85' lang='lat' dir='ltr'>tomben</span> <span class='ocrx_word' id='word_1_31' title='bbox 246 870 386 932; x_wconf 81' lang='lat' dir='ltr'>fortunae</span> <span class='ocrx_word' id='word_1_32' title='bbox 407 865 598 960; x_wconf 78' lang='lat' dir='ltr'>immolabit.</span> <span class='ocrx_word' id='word_1_33' title='bbox 613 865 671 930; x_wconf 85' lang='lat' dir='ltr'>Rei</span> <span class='ocrx_word' id='word_1_34' title='bbox 691 881 798 928; x_wconf 84' lang='lat' dir='ltr'>tarnon</span> <span class='ocrx_word' id='word_1_35' title='bbox 817 861 933 928; x_wconf 82' lang='lat' dir='ltr'>dubito</span> <span class='ocrx_word' id='word_1_36' title='bbox 950 881 1062 930; x_wconf 86' lang='lat' dir='ltr'>utrum</span> <span class='ocrx_word' id='word_1_37' title='bbox 1078 891 1167 932; x_wconf 90' lang='lat' dir='ltr'>arro-</span> 
     </span>
     <span class='ocr_line' id='line_1_6' title="bbox 89 971 1166 1068; baseline -0.001 -26"><span class='ocrx_word' id='word_1_38' title='bbox 89 1001 178 1068; x_wconf 77' lang='lat' dir='ltr'>gem,</span> <span class='ocrx_word' id='word_1_39' title='bbox 198 999 241 1040; x_wconf 86' lang='lat' dir='ltr'>an</span> <span class='ocrx_word' id='word_1_40' title='bbox 258 974 413 1062; x_wconf 79' lang='lat' dir='ltr'><strong>derogem</strong></span> <span class='ocrx_word' id='word_1_41' title='bbox 427 971 524 1036; x_wconf 80' lang='lat' dir='ltr'>iidem</span> <span class='ocrx_word' id='word_1_42' title='bbox 543 995 552 1036; x_wconf 74' lang='grc' dir='ltr'><strong><em>ε</em></strong></span> <span class='ocrx_word' id='word_1_43' title='bbox 571 973 646 1037; x_wconf 88' lang='lat' dir='ltr'>licet</span> <span class='ocrx_word' id='word_1_44' title='bbox 661 973 749 1036; x_wconf 89' lang='lat' dir='ltr'>enim</span> <span class='ocrx_word' id='word_1_45' title='bbox 770 971 925 1059; x_wconf 78' lang='lat' dir='ltr'>suspicari</span> <span class='ocrx_word' id='word_1_46' title='bbox 949 972 1075 1060; x_wconf 89' lang='lat' dir='ltr'>lapsum</span> <span class='ocrx_word' id='word_1_47' title='bbox 1097 997 1166 1040; x_wconf 88' lang='lat' dir='ltr'>esse</span> 
     </span>
     <span class='ocr_line' id='line_1_7' title="bbox 90 1075 1176 1168; baseline -0.005 -21"><span class='ocrx_word' id='word_1_48' title='bbox 90 1083 247 1146; x_wconf 80' lang='lat' dir='ltr'>memoria</span> <span class='ocrx_word' id='word_1_49' title='bbox 267 1100 377 1142; x_wconf 83' lang='lat' dir='ltr'>senem</span> <span class='ocrx_word' id='word_1_50' title='bbox 398 1077 625 1158; x_wconf 78' lang='lat' dir='ltr'>Petmrcbam‚</span> <span class='ocrx_word' id='word_1_51' title='bbox 644 1077 689 1142; x_wconf 84' lang='lat' dir='ltr'>ita</span> <span class='ocrx_word' id='word_1_52' title='bbox 705 1083 742 1140; x_wconf 80' lang='lat' dir='ltr'>ut</span> <span class='ocrx_word' id='word_1_53' title='bbox 764 1099 845 1164; x_wconf 89' lang='lat' dir='ltr'>puer</span> <span class='ocrx_word' id='word_1_54' title='bbox 863 1075 976 1164; x_wconf 81' lang='lat' dir='ltr'>legerit</span> <span class='ocrx_word' id='word_1_55' title='bbox 994 1076 1036 1142; x_wconf 90' lang='lat' dir='ltr'>de</span> <span class='ocrx_word' id='word_1_56' title='bbox 1055 1079 1176 1168; x_wconf 77' lang='lat' dir='ltr'>lingua¹</span> 
     </span>
     <span class='ocr_line' id='line_1_8' title="bbox 88 1181 1167 1278; baseline -0.002 -26"><span class='ocrx_word' id='word_1_57' title='bbox 88 1188 198 1278; x_wconf 84' lang='lat' dir='ltr'>potius</span> <span class='ocrx_word' id='word_1_58' title='bbox 214 1185 315 1250; x_wconf 80' lang='lat' dir='ltr'>latina</span> <span class='ocrx_word' id='word_1_59' title='bbox 334 1183 434 1247; x_wconf 89' lang='lat' dir='ltr'>libros</span> <span class='ocrx_word' id='word_1_60' title='bbox 455 1181 561 1266; x_wconf 82' lang='lat' dir='ltr'>(cujus</span> <span class='ocrx_word' id='word_1_61' title='bbox 578 1183 685 1272; x_wconf 87' lang='lat' dir='ltr'>operis</span> <span class='ocrx_word' id='word_1_62' title='bbox 704 1181 808 1246; x_wconf 80' lang='lat' dir='ltr'><strong>codex</strong></span> <span class='ocrx_word' id='word_1_63' title='bbox 829 1183 979 1246; x_wconf 88' lang='lat' dir='ltr'>omnium</span> <span class='ocrx_word' id='word_1_64' title='bbox 996 1207 1113 1272; x_wconf 84' lang='lat' dir='ltr'>parens</span> <span class='ocrx_word' id='word_1_65' title='bbox 1134 1201 1167 1250; x_wconf 85' lang='lat' dir='ltr'>et</span> 
     </span>
     <span class='ocr_line' id='line_1_9' title="bbox 89 1288 1188 1382; baseline -0.003 -23"><span class='ocrx_word' id='word_1_66' title='bbox 89 1291 337 1382; x_wconf 84' lang='lat' dir='ltr'>antiquissimus</span> <span class='ocrx_word' id='word_1_67' title='bbox 351 1289 502 1370; x_wconf 85' lang='lat' dir='ltr'>jamtum</span> <span class='ocrx_word' id='word_1_68' title='bbox 519 1288 691 1352; x_wconf 78' lang='lat' dir='ltr'>Florentiae</span> <span class='ocrx_word' id='word_1_69' title='bbox 708 1289 877 1376; x_wconf 83' lang='lat' dir='ltr'>exstabat).</span> <span class='ocrx_word' id='word_1_70' title='bbox 896 1289 948 1354; x_wconf 90' lang='lat' dir='ltr'>Sic</span> <span class='ocrx_word' id='word_1_71' title='bbox 962 1291 1048 1354; x_wconf 90' lang='lat' dir='ltr'>enim</span> <span class='ocrx_word' id='word_1_72' title='bbox 1065 1293 1098 1355; x_wconf 91' lang='lat' dir='ltr'>in</span> <span class='ocrx_word' id='word_1_73' title='bbox 1117 1293 1188 1356; x_wconf 76' lang='lat' dir='ltr'>his·</span> 
     </span>
     <span class='ocr_line' id='line_1_10' title="bbox 89 1394 1166 1489; baseline -0.003 -24"><span class='ocrx_word' id='word_1_74' title='bbox 89 1401 236 1489; x_wconf 83' lang='lat' dir='ltr'>loquitur</span> <span class='ocrx_word' id='word_1_75' title='bbox 252 1395 341 1462; x_wconf 90' lang='lat' dir='ltr'>baud</span> <span class='ocrx_word' id='word_1_76' title='bbox 355 1396 455 1460; x_wconf 90' lang='lat' dir='ltr'>semel</span> <span class='ocrx_word' id='word_1_77' title='bbox 467 1396 570 1459; x_wconf 85' lang='lat' dir='ltr'>Varro</span> <span class='ocrx_word' id='word_1_78' title='bbox 584 1395 650 1483; x_wconf 86' lang='lat' dir='ltr'>(r),</span> <span class='ocrx_word' id='word_1_79' title='bbox 666 1411 704 1459; x_wconf 89' lang='lat' dir='ltr'>ut</span> <span class='ocrx_word' id='word_1_80' title='bbox 718 1397 808 1483; x_wconf 85' lang='lat' dir='ltr'>prius</span> <span class='ocrx_word' id='word_1_81' title='bbox 823 1394 864 1458; x_wconf 92' lang='lat' dir='ltr'>de</span> <span class='ocrx_word' id='word_1_82' title='bbox 876 1397 914 1458; x_wconf 89' lang='lat' dir='ltr'>iis</span> <span class='ocrx_word' id='word_1_83' title='bbox 929 1419 1001 1484; x_wconf 81' lang='lat' dir='ltr'>quae</span> <span class='ocrx_word' id='word_1_84' title='bbox 1017 1396 1058 1460; x_wconf 87' lang='lat' dir='ltr'>ad</span> <span class='ocrx_word' id='word_1_85' title='bbox 1075 1396 1166 1480; x_wconf 89' lang='lat' dir='ltr'>deos,</span> 
     </span>
     <span class='ocr_line' id='line_1_11' title="bbox 89 1499 1165 1591; baseline -0.002 -21"><span class='ocrx_word' id='word_1_86' title='bbox 89 1504 207 1570; x_wconf 89' lang='lat' dir='ltr'>deinde</span> <span class='ocrx_word' id='word_1_87' title='bbox 222 1525 296 1591; x_wconf 78' lang='lat' dir='ltr'>quse</span> <span class='ocrx_word' id='word_1_88' title='bbox 313 1501 355 1564; x_wconf 87' lang='lat' dir='ltr'>ad</span> <span class='ocrx_word' id='word_1_89' title='bbox 370 1501 535 1582; x_wconf 88' lang='lat' dir='ltr'>homines,</span> <span class='ocrx_word' id='word_1_90' title='bbox 551 1499 719 1566; x_wconf 86' lang='lat' dir='ltr'>dicturum</span> <span class='ocrx_word' id='word_1_91' title='bbox 735 1523 770 1564; x_wconf 85' lang='lat' dir='ltr'>se</span> <span class='ocrx_word' id='word_1_92' title='bbox 792 1523 861 1564; x_wconf 87' lang='lat' dir='ltr'>esse</span> <span class='ocrx_word' id='word_1_93' title='bbox 885 1500 1054 1589; x_wconf 79' lang='lat' dir='ltr'><strong>spondeat.</strong></span> <span class='ocrx_word' id='word_1_94' title='bbox 1074 1504 1165 1568; x_wconf 82' lang='lat' dir='ltr'><strong>Divi·</strong></span> 
     </span>
     <span class='ocr_line' id='line_1_12' title="bbox 95 1607 1165 1676; baseline -0.001 -1"><span class='ocrx_word' id='word_1_95' title='bbox 95 1633 212 1676; x_wconf 85' lang='lat' dir='ltr'>narum</span> <span class='ocrx_word' id='word_1_96' title='bbox 232 1623 391 1673; x_wconf 83' lang='lat' dir='ltr'>autemst</span> <span class='ocrx_word' id='word_1_97' title='bbox 410 1607 626 1672; x_wconf 84' lang='lat' dir='ltr'>humanarum</span> <span class='ocrx_word' id='word_1_98' title='bbox 645 1629 756 1670; x_wconf 90' lang='lat' dir='ltr'>rerum</span> <span class='ocrx_word' id='word_1_99' title='bbox 773 1607 991 1672; x_wconf 80' lang='lat' dir='ltr'>Varronianus</span> <span class='ocrx_word' id='word_1_100' title='bbox 1010 1609 1110 1674; x_wconf 87' lang='lat' dir='ltr'>libros</span> <span class='ocrx_word' id='word_1_101' title='bbox 1127 1633 1165 1674; x_wconf 85' lang='lat' dir='ltr'>ex</span> 
     </span>
     <span class='ocr_line' id='line_1_13' title="bbox 91 1713 1167 1808; baseline -0.002 -26"><span class='ocrx_word' id='word_1_102' title='bbox 91 1715 276 1808; x_wconf 76' lang='lat' dir='ltr'><strong>Augustino</strong></span> <span class='ocrx_word' id='word_1_103' title='bbox 291 1715 402 1803; x_wconf 86' lang='lat' dir='ltr'>potius</span> <span class='ocrx_word' id='word_1_104' title='bbox 418 1713 601 1777; x_wconf 82' lang='lat' dir='ltr'>innotuisse</span> <span class='ocrx_word' id='word_1_105' title='bbox 617 1713 799 1777; x_wconf 86' lang='lat' dir='ltr'>Petrarchas</span> <span class='ocrx_word' id='word_1_106' title='bbox 815 1727 937 1800; x_wconf 82' lang='lat' dir='ltr'>putem.</span> <span class='ocrx_word' id='word_1_107' title='bbox 955 1715 1091 1780; x_wconf 85' lang='lat' dir='ltr'>Interim</span> <span class='ocrx_word' id='word_1_108' title='bbox 1107 1717 1167 1782; x_wconf 83' lang='lat' dir='ltr'>elia</span> 
     </span>
     <span class='ocr_line' id='line_1_14' title="bbox 91 1821 1166 1914; baseline 0 -24"><span class='ocrx_word' id='word_1_109' title='bbox 91 1847 227 1914; x_wconf 87' lang='lat' dir='ltr'>quoque</span> <span class='ocrx_word' id='word_1_110' title='bbox 249 1823 411 1887; x_wconf 76' lang='lat' dir='ltr'>calamitas</span> <span class='ocrx_word' id='word_1_111' title='bbox 429 1821 584 1885; x_wconf 80' lang='lat' dir='ltr'>Varronis</span> <span class='ocrx_word' id='word_1_112' title='bbox 608 1821 766 1884; x_wconf 87' lang='lat' dir='ltr'>librorum</span> <span class='ocrx_word' id='word_1_113' title='bbox 788 1837 850 1902; x_wconf 86' lang='lat' dir='ltr'>est,</span> <span class='ocrx_word' id='word_1_114' title='bbox 869 1821 959 1908; x_wconf 94' lang='lat' dir='ltr'>quod</span> <span class='ocrx_word' id='word_1_115' title='bbox 975 1823 1166 1912; x_wconf 79' lang='lat' dir='ltr'>Hieronymi</span> 
     </span>
     <span class='ocr_line' id='line_1_15' title="bbox 91 1927 1166 2021; baseline 0 -25"><span class='ocrx_word' id='word_1_116' title='bbox 91 1932 227 2021; x_wconf 83' lang='lat' dir='ltr'>epistola</span> <span class='ocrx_word' id='word_1_117' title='bbox 238 1951 362 2007; x_wconf 78' lang='lat' dir='ltr'>xxxin,</span> <span class='ocrx_word' id='word_1_118' title='bbox 374 1929 409 1992; x_wconf 89' lang='lat' dir='ltr'>in</span> <span class='ocrx_word' id='word_1_119' title='bbox 425 1951 489 2016; x_wconf 86' lang='lat' dir='ltr'>qua</span> <span class='ocrx_word' id='word_1_120' title='bbox 505 1927 647 2016; x_wconf 79' lang='lat' dir='ltr'>syllabus</span> <span class='ocrx_word' id='word_1_121' title='bbox 663 1949 778 1992; x_wconf 90' lang='lat' dir='ltr'>eorum</span> <span class='ocrx_word' id='word_1_122' title='bbox 792 1928 1072 2015; x_wconf 63' lang='lat' dir='ltr'>proscribebatur,</span> <span class='ocrx_word' id='word_1_123' title='bbox 1090 1953 1166 1996; x_wconf 87' lang='lat' dir='ltr'>mu·</span> 
     </span>
     <span class='ocr_line' id='line_1_16' title="bbox 93 2033 1285 2126; baseline 0.001 -22"><span class='ocrx_word' id='word_1_124' title='bbox 93 2041 144 2104; x_wconf 81' lang='lat' dir='ltr'>tila</span> <span class='ocrx_word' id='word_1_125' title='bbox 171 2053 239 2119; x_wconf 87' lang='lat' dir='ltr'>est,</span> <span class='ocrx_word' id='word_1_126' title='bbox 257 2057 356 2126; x_wconf 84' lang='lat' dir='ltr'>quam</span> <span class='ocrx_word' id='word_1_127' title='bbox 376 2035 503 2098; x_wconf 91' lang='lat' dir='ltr'>utinam</span> <span class='ocrx_word' id='word_1_128' title='bbox 522 2033 625 2099; x_wconf 80' lang='lat' dir='ltr'>codex</span> <span class='ocrx_word' id='word_1_129' title='bbox 648 2034 764 2122; x_wconf 87' lang='lat' dir='ltr'>aliquis</span> <span class='ocrx_word' id='word_1_130' title='bbox 783 2035 920 2122; x_wconf 83' lang='lat' dir='ltr'>expleat!</span> <span class='ocrx_word' id='word_1_131' title='bbox 941 2034 1005 2100; x_wconf 86' lang='lat' dir='ltr'>Sed</span> <span class='ocrx_word' id='word_1_132' title='bbox 1028 2037 1062 2100; x_wconf 92' lang='lat' dir='ltr'>in</span> <span class='ocrx_word' id='word_1_133' title='bbox 1080 2039 1164 2105; x_wconf 86' lang='lat' dir='ltr'>viam</span> <span class='ocrx_word' id='word_1_134' title='bbox 1282 2065 1285 2076; x_wconf 74' lang='grc'>’</span> 
     </span>
     <span class='ocr_line' id='line_1_17' title="bbox 91 2141 1167 2232; baseline -0.001 -22"><span class='ocrx_word' id='word_1_135' title='bbox 91 2145 272 2210; x_wconf 81' lang='lat' dir='ltr'>redeamus.</span> <span class='ocrx_word' id='word_1_136' title='bbox 292 2143 385 2231; x_wconf 84' lang='lat' dir='ltr'>Pogii</span> <span class='ocrx_word' id='word_1_137' title='bbox 406 2161 540 2230; x_wconf 88' lang='lat' dir='ltr'>qnoque</span> <span class='ocrx_word' id='word_1_138' title='bbox 562 2141 634 2230; x_wconf 88' lang='lat' dir='ltr'>(qui</span> <span class='ocrx_word' id='word_1_139' title='bbox 652 2157 700 2206; x_wconf 88' lang='lat' dir='ltr'>tot</span> <span class='ocrx_word' id='word_1_140' title='bbox 716 2143 873 2206; x_wconf 84' lang='lat' dir='ltr'>Vetemm</span> <span class='ocrx_word' id='word_1_141' title='bbox 889 2142 1007 2230; x_wconf 88' lang='lat' dir='ltr'>scripta</span> <span class='ocrx_word' id='word_1_142' title='bbox 1023 2143 1167 2232; x_wconf 84' lang='lat' dir='ltr'>invenit)</span> 
     </span>
     <span class='ocr_line' id='line_1_18' title="bbox 92 2246 1167 2338; baseline -0.002 -22"><span class='ocrx_word' id='word_1_143' title='bbox 92 2267 186 2316; x_wconf 78' lang='lat' dir='ltr'>etate</span> <span class='ocrx_word' id='word_1_144' title='bbox 202 2249 375 2338; x_wconf 72' lang='lat' dir='ltr'>quaesitum</span> <span class='ocrx_word' id='word_1_145' title='bbox 394 2269 463 2311; x_wconf 87' lang='lat' dir='ltr'>esse</span> <span class='ocrx_word' id='word_1_146' title='bbox 483 2247 649 2311; x_wconf 76' lang='lat' dir='ltr'>Ciceronis</span> <span class='ocrx_word' id='word_1_147' title='bbox 669 2246 710 2311; x_wconf 91' lang='lat' dir='ltr'>de</span> <span class='ocrx_word' id='word_1_148' title='bbox 728 2249 812 2336; x_wconf 81' lang='lat' dir='ltr'>Rep.</span> <span class='ocrx_word' id='word_1_149' title='bbox 831 2269 914 2336; x_wconf 89' lang='lat' dir='ltr'>opus</span> <span class='ocrx_word' id='word_1_150' title='bbox 933 2249 1008 2312; x_wconf 88' lang='lat' dir='ltr'>satis</span> <span class='ocrx_word' id='word_1_151' title='bbox 1026 2248 1167 2316; x_wconf 81' lang='lat' dir='ltr'>declarat</span> 
     </span>
    </p>

    <p class='ocr_par' dir='ltr' id='par_1_3' title="bbox 14 2354 1189 2446">
     <span class='ocr_line' id='line_1_19' title="bbox 14 2354 1189 2446; baseline 0 -23"><span class='ocrx_word' id='word_1_152' title='bbox 14 2439 15 2446; x_wconf 8' lang='grc' dir='ltr'>ἵ</span> <span class='ocrx_word' id='word_1_153' title='bbox 93 2354 283 2424; x_wconf 84' lang='lat' dir='ltr'>Leonardus</span> <span class='ocrx_word' id='word_1_154' title='bbox 311 2355 479 2436; x_wconf 67' lang='lat' dir='ltr'>Arretinos,</span> <span class='ocrx_word' id='word_1_155' title='bbox 505 2354 561 2442; x_wconf 91' lang='lat' dir='ltr'>qui</span> <span class='ocrx_word' id='word_1_156' title='bbox 591 2355 694 2442; x_wconf 81' lang='lat' dir='ltr'>Pogio</span> <span class='ocrx_word' id='word_1_157' title='bbox 720 2375 808 2418; x_wconf 89' lang='lat' dir='ltr'>anno</span> <span class='ocrx_word' id='word_1_158' title='bbox 830 2355 913 2433; x_wconf 71' lang='lat'>1416</span> <span class='ocrx_word' id='word_1_159' title='bbox 935 2358 1099 2446; x_wconf 60' lang='lat' dir='ltr'>gratulans</span> <span class='ocrx_word' id='word_1_160' title='bbox 1126 2358 1189 2424; x_wconf 87' lang='lat' dir='ltr'>de.</span> 
     </span>
    </p>

    <p class='ocr_par' dir='ltr' id='par_1_4' title="bbox 14 2451 1170 3398">
     <span class='ocr_line' id='line_1_20' title="bbox 14 2451 1167 2552; baseline 0.002 -26"><span class='ocrx_word' id='word_1_161' title='bbox 14 2451 15 2465; x_wconf 40' lang='lat'><em>*</em></span> <span class='ocrx_word' id='word_1_162' title='bbox 92 2479 224 2552; x_wconf 81' lang='lat' dir='ltr'>reperto</span> <span class='ocrx_word' id='word_1_163' title='bbox 251 2458 472 2542; x_wconf 87' lang='lat' dir='ltr'>Quintiliano,</span> <span class='ocrx_word' id='word_1_164' title='bbox 491 2459 536 2522; x_wconf 90' lang='lat' dir='ltr'>ait</span> <span class='ocrx_word' id='word_1_165' title='bbox 556 2479 563 2522; x_wconf 75' lang='grc' dir='ltr'><strong>ε</strong></span> <span class='ocrx_word' id='word_1_166' title='bbox 585 2489 597 2514; x_wconf 70' lang='grc' dir='ltr'><strong>α</strong></span> <span class='ocrx_word' id='word_1_167' title='bbox 618 2481 717 2546; x_wconf 89' lang='lat' dir='ltr'>quem</span> <span class='ocrx_word' id='word_1_168' title='bbox 743 2481 805 2549; x_wconf 80' lang='lat' dir='ltr'>ego</span> <span class='ocrx_word' id='word_1_169' title='bbox 833 2474 906 2547; x_wconf 88' lang='lat' dir='ltr'>post</span> <span class='ocrx_word' id='word_1_170' title='bbox 936 2460 1103 2526; x_wconf 87' lang='lat' dir='ltr'>Ciceronis</span> <span class='ocrx_word' id='word_1_171' title='bbox 1126 2463 1167 2528; x_wconf 90' lang='lat' dir='ltr'>de</span> 
     </span>
     <span class='ocr_line' id='line_1_21' title="bbox 93 2564 1167 2657; baseline 0 -23"><span class='ocrx_word' id='word_1_172' title='bbox 93 2573 174 2657; x_wconf 77' lang='lat' dir='ltr'>liep.</span> <span class='ocrx_word' id='word_1_173' title='bbox 195 2567 296 2634; x_wconf 83' lang='lat' dir='ltr'>libros</span> <span class='ocrx_word' id='word_1_174' title='bbox 313 2565 491 2654; x_wconf 87' lang='lat' dir='ltr'>plurimum</span> <span class='ocrx_word' id='word_1_175' title='bbox 510 2587 529 2630; x_wconf 84' lang='lat' dir='ltr'>e</span> <span class='ocrx_word' id='word_1_176' title='bbox 547 2564 654 2630; x_wconf 85' lang='lat' dir='ltr'>latinis</span> <span class='ocrx_word' id='word_1_177' title='bbox 670 2564 890 2630; x_wconf 84' lang='lat' dir='ltr'>desideratum</span> <span class='ocrx_word' id='word_1_178' title='bbox 910 2583 943 2630; x_wconf 89' lang='lat' dir='ltr'>et</span> <span class='ocrx_word' id='word_1_179' title='bbox 957 2588 1022 2655; x_wconf 81' lang='lat' dir='ltr'>proe</span> <span class='ocrx_word' id='word_1_180' title='bbox 1041 2571 1167 2634; x_wconf 87' lang='lat' dir='ltr'>cunctis</span> 
     </span>
     <span class='ocr_line' id='line_1_22' title="bbox 92 2669 1170 2764; baseline 0 -24"><span class='ocrx_word' id='word_1_181' title='bbox 92 2675 299 2764; x_wconf 83' lang='lat' dir='ltr'>deploratum</span> <span class='ocrx_word' id='word_1_182' title='bbox 315 2669 477 2736; x_wconf 85' lang='lat' dir='ltr'>affirmare</span> <span class='ocrx_word' id='word_1_183' title='bbox 494 2671 598 2734; x_wconf 89' lang='lat' dir='ltr'>ausim</span> <span class='ocrx_word' id='word_1_184' title='bbox 616 2669 664 2758; x_wconf 85' lang='lat'>(2)</span> <span class='ocrx_word' id='word_1_185' title='bbox 674 2701 697 2735; x_wconf 84' lang='grc' dir='ltr'>ι.</span> <span class='ocrx_word' id='word_1_186' title='bbox 717 2671 784 2754; x_wconf 92' lang='lat' dir='ltr'>Qui</span> <span class='ocrx_word' id='word_1_187' title='bbox 802 2686 911 2735; x_wconf 83' lang='lat' dir='ltr'>autem</span> <span class='ocrx_word' id='word_1_188' title='bbox 930 2674 1080 2760; x_wconf 87' lang='lat' dir='ltr'>politicos</span> <span class='ocrx_word' id='word_1_189' title='bbox 1096 2677 1170 2740; x_wconf 87' lang='lat' dir='ltr'>Tul·</span> 
     </span>
     <span class='ocr_line' id='line_1_23' title="bbox 93 2776 1169 2868; baseline 0.001 -23"><span class='ocrx_word' id='word_1_190' title='bbox 93 2782 125 2844; x_wconf 90' lang='lat' dir='ltr'>lii</span> <span class='ocrx_word' id='word_1_191' title='bbox 145 2779 249 2844; x_wconf 82' lang='lat' dir='ltr'>libros</span> <span class='ocrx_word' id='word_1_192' title='bbox 269 2799 308 2840; x_wconf 90' lang='lat' dir='ltr'>eo</span> <span class='ocrx_word' id='word_1_193' title='bbox 325 2793 472 2865; x_wconf 81' lang='lat' dir='ltr'>tempore</span> <span class='ocrx_word' id='word_1_194' title='bbox 487 2776 672 2864; x_wconf 82' lang='lat' dir='ltr'>vestigavit,</span> <span class='ocrx_word' id='word_1_195' title='bbox 689 2777 759 2865; x_wconf 90' lang='lat' dir='ltr'>ipse</span> <span class='ocrx_word' id='word_1_196' title='bbox 777 2778 810 2840; x_wconf 91' lang='lat' dir='ltr'>in</span> <span class='ocrx_word' id='word_1_197' title='bbox 827 2777 939 2866; x_wconf 86' lang='lat' dir='ltr'>primis</span> <span class='ocrx_word' id='word_1_198' title='bbox 957 2778 1077 2868; x_wconf 82' lang='lat' dir='ltr'>Pogius</span> <span class='ocrx_word' id='word_1_199' title='bbox 1092 2782 1169 2863; x_wconf 78' lang='lat' dir='ltr'>fisis,</span> 
     </span>
     <span class='ocr_line' id='line_1_24' title="bbox 94 2881 1167 2974; baseline 0 -24"><span class='ocrx_word' id='word_1_200' title='bbox 94 2889 249 2950; x_wconf 72' lang='lat' dir='ltr'>hortante</span> <span class='ocrx_word' id='word_1_201' title='bbox 265 2881 306 2946; x_wconf 90' lang='lat' dir='ltr'>ad</span> <span class='ocrx_word' id='word_1_202' title='bbox 323 2881 358 2946; x_wconf 91' lang='lat' dir='ltr'>id</span> <span class='ocrx_word' id='word_1_203' title='bbox 376 2883 462 2946; x_wconf 90' lang='lat' dir='ltr'>inter</span> <span class='ocrx_word' id='word_1_204' title='bbox 480 2883 558 2945; x_wconf 90' lang='lat' dir='ltr'>alios</span> <span class='ocrx_word' id='word_1_205' title='bbox 575 2883 628 2947; x_wconf 81' lang='lat' dir='ltr'>Fr.</span> <span class='ocrx_word' id='word_1_206' title='bbox 649 2883 805 2963; x_wconf 84' lang='lat' dir='ltr'>Barbam,</span> <span class='ocrx_word' id='word_1_207' title='bbox 825 2905 876 2970; x_wconf 87' lang='lat' dir='ltr'>ep.</span> <span class='ocrx_word' id='word_1_208' title='bbox 893 2883 928 2965; x_wconf 91' lang='grc' dir='ltr'>Ι,</span> <span class='ocrx_word' id='word_1_209' title='bbox 949 2907 980 2972; x_wconf 91' lang='lat' dir='ltr'>p.</span> <span class='ocrx_word' id='word_1_210' title='bbox 999 2907 1029 2971; x_wconf 90' lang='lat'>7.</span> <span class='ocrx_word' id='word_1_211' title='bbox 1046 2885 1167 2974; x_wconf 82' lang='lat' dir='ltr'>Pogius</span> 
     </span>
     <span class='ocr_line' id='line_1_25' title="bbox 95 2987 1168 3082; baseline 0 -26"><span class='ocrx_word' id='word_1_212' title='bbox 95 2993 164 3082; x_wconf 85' lang='lat' dir='ltr'>ipse</span> <span class='ocrx_word' id='word_1_213' title='bbox 182 2989 224 3056; x_wconf 86' lang='lat' dir='ltr'>ad</span> <span class='ocrx_word' id='word_1_214' title='bbox 240 2990 382 3053; x_wconf 86' lang='lat' dir='ltr'>amicum</span> <span class='ocrx_word' id='word_1_215' title='bbox 400 2989 545 3053; x_wconf 85' lang='lat' dir='ltr'>scribens</span> <span class='ocrx_word' id='word_1_216' title='bbox 562 2987 609 3075; x_wconf 84' lang='lat'>(3)</span> <span class='ocrx_word' id='word_1_217' title='bbox 627 2987 669 3052; x_wconf 91' lang='lat' dir='ltr'>de</span> <span class='ocrx_word' id='word_1_218' title='bbox 684 2988 809 3053; x_wconf 84' lang='lat' dir='ltr'>Nicolai</span> <span class='ocrx_word' id='word_1_219' title='bbox 827 2989 1033 3054; x_wconf 85' lang='lat' dir='ltr'>Trevercnsis</span> <span class='ocrx_word' id='word_1_220' title='bbox 1047 2989 1168 3056; x_wconf 89' lang='lat' dir='ltr'>biblio·</span> 
     </span>
     <span class='ocr_line' id='line_1_26' title="bbox 95 3094 1168 3182; baseline 0.002 -20"><span class='ocrx_word' id='word_1_221' title='bbox 95 3099 190 3162; x_wconf 72' lang='lat' dir='ltr'>rbem</span> <span class='ocrx_word' id='word_1_222' title='bbox 214 3094 366 3161; x_wconf 90' lang='lat' dir='ltr'>codicum</span> <span class='ocrx_word' id='word_1_223' title='bbox 393 3112 556 3177; x_wconf 80' lang='lat' dir='ltr'>veterum,</span> <span class='ocrx_word' id='word_1_224' title='bbox 583 3095 629 3159; x_wconf 89' lang='lat' dir='ltr'>sic</span> <span class='ocrx_word' id='word_1_225' title='bbox 654 3095 744 3158; x_wconf 89' lang='lat' dir='ltr'>bunc</span> <span class='ocrx_word' id='word_1_226' title='bbox 766 3094 843 3158; x_wconf 86' lang='lat' dir='ltr'>facit</span> <span class='ocrx_word' id='word_1_227' title='bbox 864 3095 1053 3182; x_wconf 87' lang='lat' dir='ltr'>loquentem</span> <span class='ocrx_word' id='word_1_228' title='bbox 1075 3122 1112 3162; x_wconf 66' lang='lat' dir='ltr'>:a</span> <span class='ocrx_word' id='word_1_229' title='bbox 1127 3099 1168 3164; x_wconf 91' lang='lat' dir='ltr'>de</span> 
     </span>
     <span class='ocr_line' id='line_1_27' title="bbox 96 3199 1166 3292; baseline 0.003 -25"><span class='ocrx_word' id='word_1_230' title='bbox 96 3207 177 3292; x_wconf 81' lang='lat' dir='ltr'>Rep.</span> <span class='ocrx_word' id='word_1_231' title='bbox 198 3201 278 3265; x_wconf 91' lang='lat' dir='ltr'>dicit</span> <span class='ocrx_word' id='word_1_232' title='bbox 294 3222 329 3264; x_wconf 86' lang='lat' dir='ltr'>se</span> <span class='ocrx_word' id='word_1_233' title='bbox 346 3199 520 3290; x_wconf 86' lang='lat' dir='ltr'>deceptum</span> <span class='ocrx_word' id='word_1_234' title='bbox 538 3200 601 3288; x_wconf 74' lang='grc' dir='ltr'>(Δ),</span> <span class='ocrx_word' id='word_1_235' title='bbox 620 3216 653 3264; x_wconf 86' lang='lat' dir='ltr'>ot</span> <span class='ocrx_word' id='word_1_236' title='bbox 669 3201 762 3264; x_wconf 83' lang='lat' dir='ltr'>ilium</span> <span class='ocrx_word' id='word_1_237' title='bbox 783 3200 903 3264; x_wconf 92' lang='lat' dir='ltr'>librum</span> <span class='ocrx_word' id='word_1_238' title='bbox 921 3201 1020 3267; x_wconf 84' lang='lat' dir='ltr'>fnisse</span> <span class='ocrx_word' id='word_1_239' title='bbox 1037 3203 1166 3270; x_wconf 65' lang='lat' dir='ltr'>Macros</span> 
     </span>
     <span class='ocr_line' id='line_1_28' title="bbox 96 3295 1169 3398; baseline 0.007 -28"><span class='ocrx_word' id='word_1_240' title='bbox 96 3308 188 3372; x_wconf 88' lang='lat' dir='ltr'>bium</span> <span class='ocrx_word' id='word_1_241' title='bbox 205 3329 304 3394; x_wconf 88' lang='lat' dir='ltr'>super</span> <span class='ocrx_word' id='word_1_242' title='bbox 320 3306 455 3370; x_wconf 90' lang='lat' dir='ltr'>Somnio</span> <span class='ocrx_word' id='word_1_243' title='bbox 471 3305 647 3394; x_wconf 77' lang='lat' dir='ltr'>Scipionis3</span> <span class='ocrx_word' id='word_1_244' title='bbox 666 3305 723 3370; x_wconf 85' lang='lat' dir='ltr'>sed</span> <span class='ocrx_word' id='word_1_245' title='bbox 739 3321 897 3370; x_wconf 82' lang='lat' dir='ltr'>tamense</span> <span class='ocrx_word' id='word_1_246' title='bbox 913 3295 981 3372; x_wconf 77' lang='lat' dir='ltr'>iton</span> <span class='ocrx_word' id='word_1_247' title='bbox 999 3307 1169 3398; x_wconf 82' lang='lat' dir='ltr'>desperare</span> 
     </span>
    </p>

    <p class='ocr_par' dir='ltr' id='par_1_5' title="bbox 17 3411 1169 3528">
     <span class='ocr_line' id='line_1_29' title="bbox 17 3411 1169 3528; baseline 0.007 -52"><span class='ocrx_word' id='word_1_248' title='bbox 17 3453 18 3528; x_wconf 48' lang='lat' dir='ltr'>p</span> <span class='ocrx_word' id='word_1_249' title='bbox 96 3415 176 3502; x_wconf 91' lang='lat' dir='ltr'>quin</span> <span class='ocrx_word' id='word_1_250' title='bbox 195 3413 400 3500; x_wconf 87' lang='lat' dir='ltr'>reperiatur:</span> <span class='ocrx_word' id='word_1_251' title='bbox 418 3413 463 3475; x_wconf 87' lang='lat' dir='ltr'>ait</span> <span class='ocrx_word' id='word_1_252' title='bbox 476 3413 564 3476; x_wconf 89' lang='lat' dir='ltr'>enim</span> <span class='ocrx_word' id='word_1_253' title='bbox 581 3411 757 3500; x_wconf 87' lang='lat' dir='ltr'>quemdam</span> <span class='ocrx_word' id='word_1_254' title='bbox 775 3412 909 3477; x_wconf 89' lang='lat' dir='ltr'>doctum</span> <span class='ocrx_word' id='word_1_255' title='bbox 928 3415 1035 3480; x_wconf 85' lang='lat' dir='ltr'>virum</span> <span class='ocrx_word' id='word_1_256' title='bbox 1052 3416 1169 3484; x_wconf 76' lang='lat' dir='ltr'>dixisse</span> 
     </span>
    </p>

    <p class='ocr_par' dir='ltr' id='par_1_6' title="bbox 17 3519 1169 3715">
     <span class='ocr_line' id='line_1_30' title="bbox 17 3519 1165 3609; baseline 0.005 -25"><span class='ocrx_word' id='word_1_257' title='bbox 17 3531 19 3590; x_wconf 44' lang='grc' dir='ltr'><em>Ὺ</em></span> <span class='ocrx_word' id='word_1_258' title='bbox 99 3521 177 3600; x_wconf 81' lang='lat' dir='ltr'>sibi,</span> <span class='ocrx_word' id='word_1_259' title='bbox 195 3519 330 3584; x_wconf 83' lang='lat' dir='ltr'>ubinam</span> <span class='ocrx_word' id='word_1_260' title='bbox 352 3535 453 3602; x_wconf 86' lang='lat' dir='ltr'>esset,</span> <span class='ocrx_word' id='word_1_261' title='bbox 471 3533 504 3582; x_wconf 90' lang='lat' dir='ltr'>et</span> <span class='ocrx_word' id='word_1_262' title='bbox 525 3541 560 3582; x_wconf 81' lang='lat' dir='ltr'>se</span> <span class='ocrx_word' id='word_1_263' title='bbox 580 3519 822 3608; x_wconf 74' lang='lat' dir='ltr'>quamprimum</span> <span class='ocrx_word' id='word_1_264' title='bbox 847 3523 1165 3609; x_wconf 74' lang='lat' dir='ltr'>eoprofecturum1.</span> 
     </span>
     <span class='ocr_line' id='line_1_31' title="bbox 99 3623 1169 3715; baseline 0.004 -25"><span class='ocrx_word' id='word_1_265' title='bbox 99 3629 225 3691; x_wconf 82' lang='lat' dir='ltr'>Rursus</span> <span class='ocrx_word' id='word_1_266' title='bbox 248 3624 336 3690; x_wconf 89' lang='lat' dir='ltr'>idem</span> <span class='ocrx_word' id='word_1_267' title='bbox 361 3625 481 3714; x_wconf 78' lang='lat' dir='ltr'>Pogius</span> <span class='ocrx_word' id='word_1_268' title='bbox 502 3625 563 3690; x_wconf 81' lang='lat' dir='ltr'>alia</span> <span class='ocrx_word' id='word_1_269' title='bbox 579 3625 714 3715; x_wconf 85' lang='lat' dir='ltr'>epistola</span> <span class='ocrx_word' id='word_1_270' title='bbox 731 3623 779 3713; x_wconf 81' lang='grc'>(5)</span> <span class='ocrx_word' id='word_1_271' title='bbox 799 3649 807 3689; x_wconf 89' lang='lat'><strong>:</strong></span> <span class='ocrx_word' id='word_1_272' title='bbox 828 3643 1009 3715; x_wconf 76' lang='lat' dir='ltr'>«quamum</span> <span class='ocrx_word' id='word_1_273' title='bbox 1034 3629 1169 3695; x_wconf 86' lang='lat' dir='ltr'>Nicolao</span> 
     </span>
    </p>
   </div>
   <div class='ocr_carea' id='block_1_3' title="bbox 19 3820 1180 4240">
    <p class='ocr_par' dir='ltr' id='par_1_7' title="bbox 133 3820 581 3886">
     <span class='ocr_line' id='line_1_32' title="bbox 133 3820 581 3886; baseline 0 -16"><span class='ocrx_word' id='word_1_274' title='bbox 133 3820 171 3886; x_wconf 83' lang='lat' dir='ltr'>(s)</span> <span class='ocrx_word' id='word_1_275' title='bbox 189 3822 373 3886; x_wconf 52' lang='lat' dir='ltr'>lingum,</span> <span class='ocrx_word' id='word_1_276' title='bbox 389 3835 435 3882; x_wconf 83' lang='lat' dir='ltr'>ro,</span> <span class='ocrx_word' id='word_1_277' title='bbox 453 3823 546 3883; x_wconf 68' lang='lat' dir='ltr'>mv,</span> <span class='ocrx_word' id='word_1_278' title='bbox 557 3823 581 3870; x_wconf 73' lang='lat'>3.</span> 
     </span>
    </p>

    <p class='ocr_par' dir='ltr' id='par_1_8' title="bbox 134 3909 688 3976">
     <span class='ocr_line' id='line_1_33' title="bbox 134 3909 688 3976; baseline 0.004 -2"><span class='ocrx_word' id='word_1_279' title='bbox 134 3909 173 3974; x_wconf 62' lang='grc' dir='ltr'>(ο)</span> <span class='ocrx_word' id='word_1_280' title='bbox 191 3911 237 3974; x_wconf 70' lang='lat' dir='ltr'>n·</span> <span class='ocrx_word' id='word_1_281' title='bbox 252 3909 298 3966; x_wconf 77' lang='lat' dir='ltr'>1v‚</span> <span class='ocrx_word' id='word_1_282' title='bbox 313 3909 339 3958; x_wconf 86' lang='lat'>⁵-</span> <span class='ocrx_word' id='word_1_283' title='bbox 681 3967 688 3976; x_wconf 91' lang='lat'><strong><em>.</em></strong></span> 
     </span>
    </p>

    <p class='ocr_par' dir='ltr' id='par_1_9' title="bbox 19 3996 1180 4154">
     <span class='ocr_line' id='line_1_34' title="bbox 134 3996 1180 4065; baseline 0.004 -17"><span class='ocrx_word' id='word_1_284' title='bbox 134 3997 173 4063; x_wconf 77' lang='lat'>(³)</span> <span class='ocrx_word' id='word_1_285' title='bbox 191 3999 238 4063; x_wconf 78' lang='lat' dir='ltr'>Ep.</span> <span class='ocrx_word' id='word_1_286' title='bbox 250 4000 351 4058; x_wconf 76' lang='lat' dir='ltr'>mr,</span> <span class='ocrx_word' id='word_1_287' title='bbox 362 4015 391 4063; x_wconf 88' lang='lat' dir='ltr'>p.</span> <span class='ocrx_word' id='word_1_288' title='bbox 404 4013 450 4062; x_wconf 83' lang='lat'>79,</span> <span class='ocrx_word' id='word_1_289' title='bbox 464 3996 530 4062; x_wconf 76' lang='lat' dir='ltr'>apud</span> <span class='ocrx_word' id='word_1_290' title='bbox 541 3997 681 4046; x_wconf 78' lang='lat' dir='ltr'>Mehnsinm</span> <span class='ocrx_word' id='word_1_291' title='bbox 693 3997 762 4062; x_wconf 75' lang='lat' dir='ltr'>pref.</span> <span class='ocrx_word' id='word_1_292' title='bbox 772 3997 804 4048; x_wconf 77' lang='lat' dir='ltr'>sd</span> <span class='ocrx_word' id='word_1_293' title='bbox 813 3997 928 4048; x_wconf 77' lang='lat' dir='ltr'>Ambros.</span> <span class='ocrx_word' id='word_1_294' title='bbox 943 4015 1005 4050; x_wconf 74' lang='lat' dir='ltr'>cens</span> <span class='ocrx_word' id='word_1_295' title='bbox 1016 4017 1041 4065; x_wconf 83' lang='lat' dir='ltr'>p.</span> <span class='ocrx_word' id='word_1_296' title='bbox 1053 4010 1096 4058; x_wconf 70' lang='lat' dir='ltr'>ss.</span> <span class='ocrx_word' id='word_1_297' title='bbox 1178 4047 1180 4052; x_wconf 93' lang='lat'><em>.</em></span> 
     </span>
     <span class='ocr_line' id='line_1_35' title="bbox 19 4085 1087 4154; baseline 0.007 -24"><span class='ocrx_word' id='word_1_298' title='bbox 19 4111 20 4130; x_wconf 68' lang='lat' dir='ltr'>t</span> <span class='ocrx_word' id='word_1_299' title='bbox 136 4087 174 4152; x_wconf 71' lang='grc'>(4)</span> <span class='ocrx_word' id='word_1_300' title='bbox 193 4086 259 4136; x_wconf 75' lang='lat' dir='ltr'>idern</span> <span class='ocrx_word' id='word_1_301' title='bbox 273 4086 451 4151; x_wconf 82' lang='lat' dir='ltr'>propemodum</span> <span class='ocrx_word' id='word_1_302' title='bbox 461 4101 529 4134; x_wconf 77' lang='lat' dir='ltr'>error</span> <span class='ocrx_word' id='word_1_303' title='bbox 539 4085 631 4134; x_wconf 76' lang='lat' dir='ltr'>accidit</span> <span class='ocrx_word' id='word_1_304' title='bbox 640 4085 790 4138; x_wconf 71' lang='lat' dir='ltr'>Mobillonio</span> <span class='ocrx_word' id='word_1_305' title='bbox 799 4089 865 4138; x_wconf 78' lang='lat' dir='ltr'>Mos.</span> <span class='ocrx_word' id='word_1_306' title='bbox 875 4088 929 4138; x_wconf 79' lang='lat' dir='ltr'>lul.</span> <span class='ocrx_word' id='word_1_307' title='bbox 941 4100 958 4138; x_wconf 85' lang='lat' dir='ltr'>t.</span> <span class='ocrx_word' id='word_1_308' title='bbox 971 4092 995 4150; x_wconf 86' lang='lat'>1,</span> <span class='ocrx_word' id='word_1_309' title='bbox 1004 4106 1029 4154; x_wconf 81' lang='lat' dir='ltr'>p.</span> <span class='ocrx_word' id='word_1_310' title='bbox 1044 4107 1087 4153; x_wconf 74' lang='lat'>79.</span> 
     </span>
    </p>

    <p class='ocr_par' dir='ltr' id='par_1_10' title="bbox 140 4173 770 4240">
     <span class='ocr_line' id='line_1_36' title="bbox 140 4173 770 4240; baseline 0.006 -18"><span class='ocrx_word' id='word_1_311' title='bbox 140 4175 177 4239; x_wconf 78' lang='lat'>(5)</span> <span class='ocrx_word' id='word_1_312' title='bbox 195 4177 261 4224; x_wconf 79' lang='lat' dir='ltr'>Inter</span> <span class='ocrx_word' id='word_1_313' title='bbox 274 4174 396 4240; x_wconf 76' lang='lat' dir='ltr'>Epistulas</span> <span class='ocrx_word' id='word_1_314' title='bbox 406 4175 491 4225; x_wconf 76' lang='lat' dir='ltr'>Ambe.</span> <span class='ocrx_word' id='word_1_315' title='bbox 499 4189 564 4224; x_wconf 68' lang='lat' dir='ltr'>mm.</span> <span class='ocrx_word' id='word_1_316' title='bbox 576 4173 619 4224; x_wconf 81' lang='lat' dir='ltr'>lib.</span> <span class='ocrx_word' id='word_1_317' title='bbox 629 4177 715 4239; x_wconf 73' lang='lat' dir='ltr'>XXV,</span> <span class='ocrx_word' id='word_1_318' title='bbox 727 4182 770 4232; x_wconf 62' lang='lat' dir='ltr'>lta.</span> 
     </span>
    </p>
   </div>
   <div class='ocr_carea' id='block_1_4' title="bbox 0 0 1450 4898">
    <p class='ocr_par' dir='ltr' id='par_1_11' title="bbox 0 0 1450 4898">
     <span class='ocr_line' id='line_1_37' title="bbox 0 0 1450 4898; baseline 0 0"><span class='ocrx_word' id='word_1_319' title='bbox 0 0 1450 4898; x_wconf 95' lang='lat' dir='ltr'> </span> 
     </span>
    </p>
   </div>
  </div>
 </body>
</html>
