2874 4898
90 465 1147 490 mmmfflmflfflmmfflfflmssmmfflmmmm

255 655 317 756 A.
365 655 537 756 nnn
576 655 985 766 PRAEFATlo.
1043 615 1051 628 ’

504 865 738 894 -ὔοῢ-

250 1009 276 1072 l.
305 1007 375 1094 Quo
390 1029 478 1072 anno
495 1009 609 1095 scripti
610 1005 746 1094 suerint
763 1007 835 1072 libri
848 1007 888 1071 de
905 1005 982 1099 Bep.

88 1155 260 1258 Trium
277 1187 385 1275 operis
401 1183 442 1250 de
460 1184 638 1274 Repubbca
660 1201 767 1274 partes
784 1184 938 1270 ineditas,
956 1203 990 1252 et
1007 1211 1083 1254 mox
1098 1193 1159 1256 niis

87 1296 237 1362 Veterum
254 1294 392 1382 scripta,
408 1293 560 1358 hortante
585 1315 622 1356 ae
640 1293 767 1360 favente
788 1293 822 1356 in
837 1293 950 1381 primis
968 1295 1158 1366 eminentis·

88 1404 166 1468 simo
193 1418 227 1466 et
251 1398 521 1466 reverendissimo
551 1397 704 1466 cardinali
734 1399 927 1482 Consalvio,
955 1417 1094 1488 patrono
1122 1427 1159 1470 ne

89 1527 272 1601 pererrante
285 1509 465 1574 liberalium
476 1505 660 1574 studiorum
674 1509 746 1573 viro
759 1526 793 1574 et
802 1509 951 1600 regendae
966 1511 1045 1600 reip.
1057 1513 1161 1578 seien-

90 1618 230 1698 tissimo,
256 1615 340 1704 typis
364 1614 461 1680 edere
485 1611 664 1704 aggredior.
690 1612 755 1678 Sed
783 1631 957 1704 antequam
982 1616 1023 1681 de
1047 1618 1160 1684 codiee

90 1725 243 1792 Vrtimno
269 1723 395 1811 loquar,
430 1721 523 1802 eujus
554 1719 715 1786 beneficio
749 1722 819 1787 haee
846 1723 985 1812 politieae
1020 1727 1160 1792 scientie

91 1833 286 1900 incrementa
311 1845 424 1896 unctus
452 1851 543 1910 sum,
566 1827 668 1916 ipsius
694 1829 840 1918 apprime
860 1831 968 1918 operis
988 1853 1048 1896 nec
1072 1834 1159 1914 inju-

91 1937 193 2004 cunda
218 1959 280 2002 nec
300 1935 421 2000 inutilis
440 1935 575 2000 historia
591 1933 788 2022 pertexenda
806 1951 863 1999 est.

130 2043 277 2110 Domitio
287 2041 506 2107 Ahenobarbo
519 2059 553 2108 et
563 2039 700 2110 Claudio
716 2041 859 2106 Pulchro
868 2063 950 2107 coss.
958 2043 1161 2111 Varroniano

90 2149 209 2216 scilicet
229 2148 328 2213 Urbis
347 2169 435 2212 anno
460 2169 526 2234 70⁰
551 2146 626 2235 (qui
651 2164 720 2212 erat
751 2169 856 2211 annus
886 2150 1027 2214 auctoris
1057 2153 1161 2216 nostri

90 2273 225 2347 quartus
242 2270 275 2322 et
290 2254 596 2343 quinquagesimus,
612 2269 687 2343 post
708 2254 913 2318 consulatum
933 2254 1079 2321 decimus
1094 2258 1162 2346 (r))

90 2363 198 2428 estivo
217 2377 363 2447 tempore
377 2359 490 2426 Cicero
507 2358 629 2424 calores
646 2359 803 2424 maximos
816 2360 920 2424 vitans
933 2361 964 2424 in
978 2363 1162 2428 Cumanum

91 2467 237 2548 secessit,
252 2465 363 2554 ibique
380 2464 442 2528 hos
457 2464 558 2532 libros
574 2464 723 2553 politicos
736 2465 876 2531 seribere
894 2467 1033 2532 instituit
1049 2469 1107 2558 (α).
1120 2471 1162 2534 Et

90 2574 189 2654 hujus
205 2571 341 2660 quidem
361 2570 473 2658 scripti
496 2569 609 2636 natalis
626 2593 731 2636 annus
747 2593 786 2636 er
805 2573 937 2659 epistole
958 2572 999 2637 nd
1019 2575 1162 2640 Atticum

91 2678 198 2768 quarti
215 2677 289 2740 libri
306 2691 394 2740 sextu
414 2673 540 2740 decima
562 2691 707 2758 constat,
725 2675 759 2740 in
777 2699 841 2764 qua
859 2699 893 2742 se
908 2678 1021 2743 Cicero
1038 2696 1071 2744 et
1086 2681 1165 2746 huic

92 2785 184 2874 operi
201 2785 320 2848 instare
337 2781 483 2862 nuntiet,
497 2781 660 2870 simulque
673 2783 718 2846 uit
732 2781 916 2872 designatos
932 2807 1002 2848 esse
1013 2789 1164 2856 consules
1179 2849 1182 2864 ,

92 2891 275 2956 Domitium
299 2905 333 2954 et
355 2887 543 2968 Messalam,
567 2888 625 2975 qui
656 2911 766 2976 reapse
791 2890 996 2955 consulatum
1021 2892 1167 2958 inierunt
1241 2953 1254 2972 ,

93 3019 180 3062 anno
198 2995 297 3061 Urbis
315 3017 389 3084 7⁰¹·
407 2995 514 3082 Atque
532 2993 613 3060 adeo
631 3011 745 3060 notare
761 2994 868 3072 lubet,
887 2996 973 3061 inter
990 2999 1180 3084 Ciceronis,‘

94 3127 167 3192 quae
185 3117 375 3190 supersunt,
392 3102 532 3191 exceptis
551 3102 694 3191 epistulis
714 3118 747 3166 et
766 3103 984 3186 orationibus,
1006 3106 1165 3172 nobiliora

95 3209 230 3296 scripta,
254 3207 318 3272 hoe
334 3206 466 3294 quidem
486 3205 528 3273 de
553 3208 633 3296 Rep.
652 3223 765 3272 natum
782 3231 852 3273 esse
868 3211 964 3274 tertio
982 3211 1065 3276 loeo.
1082 3214 1165 3279 Nam

133 3395 170 3460 (r)
189 3392 314 3443 Decimus.
330 3395 423 3444 Censor
436 3392 569 3458 Lipsiensis
582 3393 678 3459 (rint,
694 3410 719 3444 n.
736 3392 764 3460 7)
777 3394 843 3442 bunc
854 3409 944 3444 rnnnm
957 3399 988 3445 V.
1001 3399 1029 3448 C.
1044 3399 1078 3446 rit
1093 3399 1167 3448 luisse

98 3463 148 3534 uri
158 3484 235 3532 oetstis
251 3493 276 3532 et
290 3493 347 3547 post
360 3481 513 3530 consulatum
527 3482 652 3530 Ciceronis
662 3497 765 3530 nonum.
778 3483 869 3532 Natum
882 3484 946 3532 enim
959 3483 1034 3533 luisse
1047 3487 1167 3537 Nostrum

98 3573 197 3621 ineunte
205 3588 271 3620 runo
281 3573 381 3635 648,Q.
391 3570 494 3619 Servilio
504 3571 621 3635 Cepione
630 3581 655 3618 et
666 3571 768 3619 Servilio
778 3571 882 3621 Semne
894 3589 970 3623 corn:
980 3557 1104 3626 consulem
1111 3595 1170 3632 vern

99 3661 190 3710 betam
203 3675 269 3710 runo
283 3645 333 3723 bqr
351 3676 404 3708 seru
413 3660 580 3708 vnrroutsnae.
592 3661 622 3708 Et
634 3661 666 3708 its
681 3661 754 3709 estin
770 3659 860 3708 tabulis
874 3663 1002 3711 consulunt
1018 3665 1085 3729 apud
1094 3669 1172 3715 Wur-

98 3751 175 3802 niun
190 3751 221 3798 de
237 3749 445 3799 Fundilium.
458 3749 580 3797 Mensurr.
594 3764 622 3796 re
636 3749 667 3796 de
677 3749 734 3796 rnui
748 3747 878 3798 ordinandi
894 3751 1030 3800 rationibus
1043 3769 1083 3817 rp.
1096 3753 1170 3802 Rom.

99 3838 461 3904 stur.<smng,1tso.)rtr.
1128 3897 1131 3902 Ι

136 3924 175 3992 (r)
193 3927 234 3978 sd
247 3929 280 3990 Q.
295 3927 326 3974 ir.
338 3927 374 3983 11,
390 3933 435 3984 ¹43
458 3927 508 3984 111,
525 3938 550 3988 r,
565 3925 589 3974 5.
606 3927 638 3976 A.
654 3927 691 3974 M.
711 3951 745 3963 -
765 3927 843 3990 Qutm
865 3938 980 3991 praterea
1002 3927 1087 3977 irudrt
1104 3931 1171 3994 Ang.

100 4015 183 4064 rtur·
193 4011 242 4080 Ep.
251 4013 284 4064 sd
298 4013 332 4075 Q.
344 4013 374 4061 ir.
383 4015 423 4072 11,
442 4014 529 4074 ¹⁶s‘·
545 4011 607 4060 nibil
621 4013 746 4073 eontinet,
766 4014 834 4077 qnod
852 4014 882 4062 sd
902 4026 1011 4063 nostrum
1026 4031 1089 4080 opus
1103 4019 1177 4080 peni-

16 4079 17 4132 l
100 4115 172 4165 net,
185 4113 214 4155 nt
227 4115 294 4152 reete
306 4101 478 4164 snimrdyertit
490 4117 558 4150 nens.
571 4101 636 4166 lips.
647 4101 696 4151 Sed
708 4119 787 4166 neque
796 4105 822 4150 in
834 4103 910 4164 prims
922 4103 977 4150 libri
992 4105 1057 4152 tertii
1069 4102 1173 4170 epistois

16 4187 17 4200 ¹
103 4191 132 4238 sle
143 4208 173 4240 eo
184 4207 264 4240 senno
274 4201 320 4242 ert.
335 4193 385 4238 Mn.
