2874 4898
233 433 256 506 8
599 429 640 494 G.
667 428 710 492 H.
734 426 941 494 MOSERI

279 545 368 630 Quid
394 567 471 610 vero
499 545 614 610 debeat
641 546 710 610 haec
731 543 830 611 editio
853 547 1014 610 Crenaero
1040 563 1170 630 nostro,
1198 573 1307 639 neque

234 675 344 720 meum
372 668 421 716 est
446 651 639 740 predicare,
663 661 696 717 et
716 653 944 741 unusquisque
968 652 1056 718 videt
1078 677 1117 719 ex
1136 658 1305 722 nomines

233 759 328 824 nobis
344 756 385 822 ad
399 758 468 838 ejus
484 759 712 824 annotationes
726 758 854 824 addito.

274 863 1305 958 Doederleinii‚professorisErlangensis,annotationesaliquot,

232 995 334 1062 quum
354 972 456 1035 serius
471 970 513 1035 ad
528 995 581 1037 me
600 971 711 1038 delatae
728 989 853 1055 essent,
870 971 911 1036 ad
926 973 1046 1037 calcem
1064 974 1184 1038 horum
1207 976 1307 1040 libro·

232 1101 307 1142 rum
322 1095 415 1142 erant
427 1077 618 1158 rejiciendae.

276 1183 448 1250 Dirksenio
466 1207 541 1249 meo
555 1205 718 1276 acceptam
738 1189 844 1272 refero
861 1187 1103 1252 annotationem
1123 1187 1165 1252 ad
1178 1188 1234 1252 lib.
1253 1189 1306 1272 11,

231 1313 300 1379 cap.
319 1289 372 1373 35,
389 1315 489 1379 quem
507 1315 567 1381 ego
582 1292 691 1358 locum
709 1295 833 1382 absque
849 1317 890 1358 eo
909 1295 1067 1357 intactum
1086 1294 1305 1382 reliquissem,

231 1397 270 1461 iis
294 1398 415 1486 quippe
437 1398 591 1486 praesidiis
612 1401 719 1464 minus
739 1401 918 1464 instructus
931 1449 940 1483 ,
955 1399 1075 1486 quibus
1092 1398 1133 1462 ad
1152 1401 1225 1464 talia
1246 1425 1302 1465 ex·

232 1502 380 1591 plicanda
396 1527 479 1591 opus
496 1503 572 1591 est(
596 1504 618 1592 ).

272 1611 342 1672 Jam
360 1606 400 1672 de
415 1610 551 1672 Somnio
570 1610 730 1697 Scipionis
751 1610 811 1698 (a),
825 1609 917 1698 quod
934 1609 1012 1673 inde
1037 1634 1054 1673 a
1072 1609 1239 1675 Macrobio
1256 1628 1307 1676 tot

231 1733 464 1804 tantorumque
489 1716 634 1780 virorum
659 1717 746 1781 curis
770 1735 802 1780 et
826 1719 1021 1781 illustratum
1044 1733 1077 1780 et
1096 1715 1306 1784 emendatum

233 1836 299 1903 est,
316 1838 348 1886 et
363 1821 499 1910 longum
517 1838 565 1886 est
578 1821 700 1904 dicere,
720 1839 752 1886 et
767 1822 807 1886 ab
826 1822 891 1886 hoc
910 1821 1045 1910 quidem
1064 1823 1137 1887 loco
1153 1825 1306 1889 alienum.

233 1927 318 1992 Mihi
331 1911 379 1992 ad¹
388 1931 522 1992 manum
534 1931 670 1993 fuerunt
685 1929 843 1992 editiones
856 1930 1077 2010 Ascensianae,
1094 1931 1199 2017 prima
1211 1947 1244 1994 et
1255 1953 1308 1996 se·

234 2033 359 2116 cunda,
381 2033 569 2116 Cratandri,
591 2036 821 2123 Herwagiana,
839 2035 942 2099 Caroli
964 2035 1309 2123 Stephani,Sturmia-

235 2163 295 2220 na,
316 2139 448 2222 Aldina,
469 2139 695 2220 Lambiniana,
721 2139 930 2219 Gotholredi,
949 2141 1189 2229 Verbnrgiana‚
1204 2143 1309 2208 Erne-

151 2316 156 2327 ,
236 2247 339 2328 stine,
352 2246 542 2334 Bipontina,
558 2245 768 2320 Schemate,
792 2247 949 2310 Ochsneri
966 2247 1023 2334 (in
1046 2247 1162 2312 Oliveti
1174 2250 1308 2338 Eclogg.

238 2350 338 2438 Cice.)
354 2350 412 2440 (3).

240 2459 249 2470 '
284 2459 404 2522 Praeter
416 2459 477 2523 hos
493 2483 571 2524 vero
588 2461 687 2525 libros
705 2461 893 2527 usus'sum:

286 2589 313 2628 r.
325 2562 444 2629 Codice
458 2568 673 2632 Crenaeriano
690 2569 721 2650 l,
738 2569 815 2632 olim
833 2567 1091 2631 Uflenliachiano
1106 2567 1312 2632 membrana-

236 2693 310 2752 ceo,
327 2667 368 2732 de
382 2693 448 2757 quo
461 2670 526 2734 dixi
544 2671 586 2736 ad
603 2672 792 2736 Ciceronem
807 2671 847 2736 de
860 2673 933 2736 Nat.
945 2673 1057 2735 Deorr.
1078 2689 1110 2736 et
1127 2671 1167 2735 de
1180 2675 1297 2761 Legg.;

283 2799 312 2840 a.
324 2775 443 2841 Codice
461 2775 674 2840 Crenaeriano
685 2778 734 2858 11,
746 2777 926 2858 chartaceo,
941 2777 1048 2839 saeculi
1060 2774 1178 2840 decimi
1189 2777 1308 2864 quinti,

236 2887 340 2947 forma
363 2899 426 2947 oct.
444 2905 532 2947 anno
548 2882 630 2962 1484
650 2884 851 2970 conscripto,
868 2881 908 2946 ad
925 2883 1139 2948 recentiorem
1156 2882 1310 2947 codicum

236 2989 361 3055 Somnii
377 2988 536 3077 Scipionis
552 2989 706 3053 familiam
724 2989 924 3079 pertinente;

285 3094 314 3158 3.
334 3093 438 3158 Variis
455 3094 648 3158 lectionibus
667 3093 795 3157 Codicis
807 3094 1032 3174 Monacensis,
1049 3115 1128 3180 quas
1141 3093 1310 3158 Lehnerus

239 3223 305 3265 suae
321 3200 443 3264 horum
460 3201 619 3264 librorum
641 3198 776 3264 editioni
796 3197 919 3263 addidit
942 3198 984 3263 ad
1004 3199 1125 3262 calcem
1149 3198 1312 3287 praefatio·

241 3307 491 3394 denen

282 3415 313 3490 4.
329 3409 389 3474 Ed.
405 3409 546 3493 Veneta,
565 3412 677 3500 inqua
696 3412 908 3476 continentur
926 3433 1001 3474 curn
1018 3409 1108 3474 libris
1126 3409 1167 3474 de
1186 3409 1311 3475 Officiis

274 3563 406 3629 (1)Nunc
428 3577 485 3612 vero
505 3563 601 3625 (mense
623 3563 687 3611 meio
705 3579 727 3610 a.
749 3563 815 3612 1025
834 3563 953 3624 exeunte)
973 3560 1084 3610 eumdem
1100 3561 1183 3610 locum
1198 3574 1311 3611 acconte

238 3661 412 3717 pertractatum
433 3651 505 3700 video
526 3651 554 3700 in
573 3651 638 3700 libro
657 3653 711 3712 eius
728 3651 861 3700 novissimo
878 3666 885 3699 ε
908 3649 1020 3716 Beitrc'r‘ge
1037 3667 1061 3700 z.
1077 3649 1167 3698 nunde
1184 3649 1227 3698 des
1241 3651 1312 3700 Ro'm.

239 3738 340 3798 Rechts,
355 3725 412 3804 pdg.
426 3739 475 3803 189
489 3754 544 3802 sqq.

272 3827 311 3892 (a)
328 3827 413 3874 Exstat
437 3826 469 3876 G.
486 3827 516 3875 E.
537 3825 690 3876 Groddscltii
710 3829 878 3892 Progrnnma,
892 3826 982 3876 wtt-
1000 3825 1097 3892 (ιΒιι,
1111 3817 1189 3885 ima,
1205 3841 1249 3891 pp.
1265 3834 1296 3881 st

236 3914 343 3975 editum,
359 3914 428 3978 qnod
447 3913 607 3962 inscribitur:
629 3913 691 3962 :Ad
708 3913 835 3962 Somnium
851 3913 973 3978 Scipionis
994 3913 1085 3962 monita
1100 3933 1112 3955 ι
1128 3926 1135 3960 :
1150 3927 1231 3977 neque
1250 3929 1312 3962 vero

235 4001 296 4049 mihi
309 4018 339 4050 eo
353 4001 389 4050 uti
401 4001 482 4050 licuit.

270 4087 308 4154 (3)
326 4090 362 4138 De
378 4089 430 4138 istis
447 4089 561 4138 omnibns
580 4089 650 4140 editt.
665 4089 719 4139 vide
731 4089 801 4154 plura
820 4089 883 4138 infra
898 4089 923 4138 in
940 4089 1049 4150 ejusdem
1063 4091 1156 4138 Mosen
1171 4089 1265 4154 praelat.
1279 4090 1312 4136 ad

233 4177 309 4225 libros
322 4177 352 4226 de
363 4177 474 4242 Legibus.
490 4179 533 4226 lin.
