2874 4898
64 387 68 394 ’
179 389 183 398 ’
261 416 307 490 26
632 419 830 490 lncnm
854 419 977 488 nmu

263 542 428 632 Ampelio,
451 556 483 604 et
508 539 549 604 de
574 540 760 632 etymologo
784 538 926 630 quodam
953 541 1110 604 Vaticano
1137 543 1193 629 (r).
1219 544 1339 610 Utrum

264 665 389 712 veteres
414 647 615 736 grammatici
642 645 683 710 ad
712 647 777 710 hoc
801 670 885 736 opus
910 646 1096 711 Tullianum
1129 655 1343 726 commentati

263 755 347 834 sint,
364 753 543 833 nescimus;
568 753 630 816 nisi
656 753 741 817 forte
766 752 800 818 id
826 753 901 818 fecit
921 753 1127 835 Victorinus,
1144 779 1242 843 quam
1268 781 1340 822 rem

261 859 324 924 sibi
340 881 442 948 prope
458 875 692 947 persuaserunt
705 862 744 924 A.
759 859 913 923 Schottus
926 857 972 947 (a)
985 875 1084 946 atquc
1098 859 1256 926 Patricius
1269 861 1316 950 (3)
1331 887 1339 927 :

262 983 400 1054 uterquc
417 982 527 1030 autem
552 966 668 1030 nititur
689 967 881 1030 auctoritate
897 965 962 1029 divi
982 967 1173 1056 Hieronymi
1192 968 1259 1058 (4),
1279 969 1337 1057 qui

262 1073 514 1138 commentarios
540 1073 699 1136 Victorini
729 1088 890 1136 memorat
915 1071 957 1136 ad
981 1071 1126 1161 dialogos
1149 1071 1339 1158 Ciceronis,

262 1201 329 1268 quo
349 1179 483 1242 nornine
500 1178 535 1242 hi
558 1178 633 1241 libri
650 1177 758 1244 civiles
776 1178 1004 1267 intelliguntur
1022 1178 1066 1243 oh
1085 1201 1199 1244 corum
1224 1182 1340 1268 prteci·

262 1307 361 1375 puam
378 1285 569 1375 dignitatem
587 1283 643 1372 (5).
668 1285 719 1349 Nc
738 1284 858 1350 Grecis
874 1284 1008 1373 quidem
1029 1283 1062 1348 id
1080 1307 1164 1374 opus
1187 1287 1339 1376 ignotum

264 1393 343 1473 fuit,
360 1413 559 1479 quamquam
576 1389 610 1452 hi
626 1390 820 1478 plerumque
838 1391 904 1454 suis
919 1391 1066 1454 contenti
1079 1407 1113 1454 et
1130 1391 1221 1474 elati,
1239 1391 1339 1457 latina

264 1498 382 1586 scripta
397 1496 491 1562 valde
511 1473 712 1586 nigligcrcnt
733 1521 741 1561 :
759 1518 837 1561 sanc
854 1511 887 1560 et
903 1495 1042 1584 politicis
1066 1487 1155 1564 libris
1172 1499 1275 1564 Graeci
1294 1500 1340 1564 ita

263 1602 494 1685 abundarunt,
513 1620 552 1667 ut
568 1603 735 1668 Ciceronis
756 1625 840 1692 opus
861 1604 903 1667 ab
927 1603 966 1667 iis
984 1605 1111 1668 consuli
1131 1626 1261 1670 necesse
1285 1607 1341 1670 vix

262 1709 362 1774 luerit
376 1732 384 1774 :
400 1728 503 1798 quum
516 1726 629 1773 contra
640 1709 755 1774 Cicero
769 1709 958 1774 Graecorum
972 1709 1119 1774 fontibus
1131 1733 1208 1775 suos
1223 1733 1340 1777 omncs

262 1817 412 1883 hortulos
434 1817 620 1907 irrigaverit.
646 1814 806 1881 Adversus
825 1817 989 1881 Ciceronis
1011 1817 1157 1905 politiam
1177 1817 1339 1882 calamum

263 1925 392 1988 strinxit
406 1922 567 2013 Didymus
584 1923 828 2004 chalcenterus,
845 1922 899 1985 illo
913 1925 1082 2014 Augusteo
1099 1946 1168 1988 aero
1186 1924 1340 1990 innume·
1415 1911 1418 1920 ’

253 2031 414 2095 'rabilium
432 2031 628 2118 scriptorum
646 2051 780 2117 parens,
799 2051 897 2116 quem
920 2052 997 2094 mox
1013 2030 1136 2095 retudit
1155 2032 1340 2120 patrocinio
1419 2060 1424 2069 ·

263 2154 394 2225 arrepto
407 2135 601 2216 Suetonius,
617 2151 655 2198 ut
665 2157 727 2198 nos
739 2135 931 2200 Ammianus
948 2133 1128 2224 Suidasque
1139 2135 1259 2201 docent
1270 2137 1318 2225 (6)
1330 2161 1338 2202 :

265 2265 371 2331 neque
391 2239 473 2306 illud
491 2243 611 2305 mirum
630 2241 712 2322 fuit,
730 2237 996 2331 quandoquidem
1016 2259 1049 2308 et
1066 2242 1208 2308 Platonis
1224 2244 1338 2332 politia

263 2349 485 2413 criminatores
502 2369 623 2436 graecos
637 2363 729 2412 nacta
744 2363 810 2428 est,
824 2369 907 2436 quos
919 2350 1005 2413 inter
1018 2351 1204 2431 Zenonem,
1220 2350 1340 2414 Aristo-

265 2455 359 2519 telem
376 2471 473 2541 atque
490 2454 679 2518 Athenarum
697 2453 754 2542 (7).
772 2454 927 2520 Aristides
946 2455 1022 2518 item
1039 2455 1261 2537 Quintilianus
1278 2477 1340 2544 po·

233 2635 238 2640 ,
262 2563 365 2626 litiam
385 2561 550 2625 Ciceronis
570 2562 661 2654 novit
672 2560 731 2648 (8)
751 2561 789 2625 ln
801 2559 957 2626 Vaticano
969 2559 1112 2648 quodam
1129 2560 1338 2650 palimpsesto

262 2667 340 2731 latet
365 2687 487 2757 groecus
505 2683 619 2730 auctor
641 2665 812 2755 politicus,
832 2667 899 2732 sive
920 2667 1031 2754 potius
1048 2666 1228 2755 fragmenta
1251 2667 1338 2756 ejus·

263 2773 338 2839 dem
350 2773 393 2837 :is
404 2789 519 2836 auctor
529 2785 636 2860 neque
645 2772 890 2860 antiquissimus
900 2788 965 2852 est,
975 2795 1083 2860 neque
1092 2771 1185 2836 valde
1201 2793 1315 2838 recens
1329 2797 1337 2836 :

263 2880 422 2968 scriptura
442 2877 576 2968 quidem
601 2879 722 2944 codicis
746 2879 829 2968 sapit
846 2879 1000 2943 sarculum
1017 2877 1198 2961 dccimum;
1217 2878 1273 2942 sed
1296 2878 1338 2942 de

264 2987 405 3052 auctoris
426 2985 526 3075 ipsius
543 3001 635 3049 astate
651 2985 731 3049 nihil
750 2984 857 3053 adhuc
876 2985 1019 3050 decerno
1038 3007 1046 3048 ε
1067 3007 1265 3074 quamquam
1284 2983 1338 3050 ille
1413 3001 1425 3018 ·

263 3093 432 3182 politicus,
446 3097 540 3172 cujus
551 3092 688 3156 Photius
700 3090 781 3156 Cod.
791 3115 903 3158 mvn
917 3091 1066 3156 notitiam
1079 3091 1174 3155 nobis
1181 3090 1337 3172 exhibet,

262 3199 343 3263 adeo
370 3200 522 3289 congruit
547 3221 622 3262 cum
641 3198 817 3279 Vaticano,
845 3215 883 3262 ut
910 3198 1003 3285 plane
1027 3196 1113 3262 idem
1137 3198 1237 3284 homo
1265 3219 1338 3260 esse

299 3385 337 3449 (r)
357 3385 386 3430 ln
403 3381 468 3430 notis
489 3380 520 3430 de
536 3383 634 3444 Repl,
649 3381 693 3441 as,
706 3381 752 3438 as,
765 3373 807 3440 dr,
823 3381 871 3441 ήὸς
884 3381 922 3436 11,
939 3381 1040 3441 18,ac,
1055 3393 1102 3440 rat
1121 3381 1169 3438 lll,
1188 3379 1267 3428 schol.
1284 3379 1337 3436 lv,

266 3471 343 3520 schol.
351 3472 383 3530 V,
394 3469 438 3518 fin.
448 3481 473 3518 et
486 3471 571 3534 fragm.
584 3469 671 3518 insert.

304 3561 343 3626 (a)
362 3560 428 3609 ttod.
441 3560 495 3608 Cic.
505 3561 559 3621 111,
575 3559 601 3608 5.

303 3650 341 3714 (3)
359 3649 430 3697 l'mf.
442 3649 473 3696 sd
484 3649 578 3712 Fragor.
592 3645 622 3695 de
633 3650 696 3712 hep.

302 3737 341 3803 (l)
359 3739 451 3787 Contra
464 3737 524 3787 hut.
537 3739 565 3796 1,
582 3738 621 3785 ιθ.

302 3829 340 3892 (5)
358 3827 422 3876 Vide
434 3826 549 3876 scholion
562 3837 618 3875 ante
632 3825 722 3874 llhrum
737 3827 771 3874 tv
786 3823 817 3873 de
834 3826 897 3889 llep.

303 3917 341 3978 (6)
359 3915 423 3963 Vide
437 3914 587 3965 testimonis.

302 4007 339 4072 (7)
357 4003 482 4054 Plutarch.
494 4003 525 4052 de
535 4005 611 4052 Stoic.
624 4019 725 4067 repugn.
741 4001 779 4052 ed.
790 4002 872 4051 heich.
888 4001 914 4060 1,
932 4017 975 4060 ro,
985 4017 1009 4064 p.
1021 4001 1084 4058 adn
1099 3999 1201 4048 Aristot.
1212 3997 1283 4062 llsip.
1298 3999 1339 4069 ll;¹

271 4094 359 4143 Athen.
373 4095 426 4152 11,
444 4095 483 4142 15.

304 4183 343 4250 (Β)
359 4186 397 4232 De
409 4185 472 4246 hep.
484 4183 528 4244 lv,
541 4183 568 4231 in
581 4179 625 4231 lin.
