2874 4898
487 440 774 511 PRAEFATIO.
1118 445 1164 518 35

101 565 244 630 Rerthius
258 563 376 627 saecuio
389 561 482 624 XVII
494 561 563 624 haec
580 561 691 625 scribit
702 560 749 647 (ι)
765 559 921 626 :«incidit
936 583 1026 627 nunc
1039 585 1166 632 memo·

98 675 149 736 riae
166 670 283 734 vidisse
305 669 411 732 virum
430 667 602 731 cordatum
620 681 653 730 et
671 664 805 730 doctum
828 665 1081 753 documentum,
1099 695 1166 762 quo

97 777 225 868 probari
248 775 366 864 possit,
385 787 459 837 ante
478 795 599 863 paucos
621 794 725 836 annos
750 793 806 836 eos
824 771 925 836 libros
946 772 999 856 (de
1017 777 1113 866 Rep.)
1131 781 1166 843 in

94 882 265 947 Germania
276 881 373 944 etiam
386 881 593 968 superfuisse.
605 879 712 966 Prope
721 878 836 942 urbem
844 879 1099 966 Brunswicium,
1114 887 1166 948 in·

93 989 164 1077 quit
173 989 328 1053 Jo.Henr.
338 987 542 1067 Meibomius,
550 987 582 1049 in
591 985 728 1050 Saxonia
736 985 970 1050 monasterium
980 989 1169 1056 estRitters·

92 1095 226 1158 husium
237 1093 391 1157 nomine:
406 1092 439 1156 in
453 1091 732 1156 eofuitlibrorum
741 1080 909 1178 quondam
919 1111 986 1156 non
997 1093 1167 1162 incelebris

93 1205 196 1290 copia.
209 1202 393 1289 Supersunt
410 1198 495 1264 tittdi
511 1197 648 1286 capsulis
663 1196 778 1278 adfixi,
794 1197 896 1284 quiin
912 1221 1045 1288 quoque
1058 1203 1166 1268 forulo

93 1307 222 1372 codices
250 1304 372 1368 fuerint
401 1304 532 1393 positi:
561 1303 647 1367 inter
674 1319 799 1366 ceteros
824 1303 939 1368 titulus
962 1304 1044 1370 inibi
1070 1325 1170 1374 restat

92 1413 220 1504 glutino
238 1411 380 1492 adfixus,
395 1411 429 1473 in
444 1433 480 1474 ea
494 1432 589 1498 capsa
603 1409 702 1474 fuisse
717 1409 907 1475 Ciceronem
923 1411 963 1476 de
977 1414 1167 1502 Republica.

92 1519 315 1582 infortunatus
325 1539 402 1581 vero
420 1533 452 1581 et
463 1515 735 1580 immemorabiles
747 1515 824 1578 lixas
835 1515 960 1600 dicam,
974 1541 1016 1582 an
1031 1521 1166 1605 milites,

91 1649 131 1688 an
161 1625 241 1688 alios
269 1625 441 1712 quospiam
465 1623 599 1712 ingratis
625 1620 686 1686 diis
715 1619 820 1685 editos
845 1623 1014 1708 homines,
1043 1627 1100 1714 qui
1126 1651 1167 1695 eo

93 1731 247 1794 thesauro
260 1729 423 1794 literatum
442 1729 556 1792 orbem
578 1727 845 1808 interverterunt,
869 1751 1012 1816 quorum
1032 1748 1098 1796 tam
1116 1732 1167 1797 di·

93 1859 165 1899 mm
193 1835 319 1899 facinus
345 1833 434 1898 nulia
456 1856 606 1922 reparare
632 1834 825 1897 saeculorum
850 1835 972 1922 poterit
994 1840 1167 1904 successio.

93 1941 155 2006 Sed
174 1940 323 2005 dolorem
342 1963 418 2004 eum
437 1940 513 2004 alibi
530 1939 722 2004 testabimur
732 1969 754 2002 ·.
766 1938 911 2004 -Idem
924 1942 1073 2007 barthius
1086 1967 1167 2008 oeu-
1246 2003 1252 2014 ,

92 2049 174 2112 latus
195 2047 283 2112 testis
302 2047 443 2112 Daumio
459 2068 605 2110 narrasse
619 2044 739 2110 dicitur
755 2043 802 2132 (a)
819 2059 894 2114 ante
911 2046 1034 2112 beilum
1048 2049 1168 2114 tricen-

93 2153 164 2218 naic
174 2153 334 2217 exstitisse
345 2153 380 2215 in
394 2151 590 2216 bibliotheca
600 2151 756 2216 Fuidensi
764 2151 797 2214 in
810 2149 936 2239 aliquot
945 2153 1166 2222 voluminibus

93 2259 347 2323 membranaceis
361 2259 462 2322 libros
484 2257 524 2322 de
543 2259 625 2346 Rep.
643 2257 825 2341 Ciceronis,
846 2279 928 2345 quos
948 2259 1088 2326 miiitum
1107 2285 1166 2352 pe·

12 2441 14 2455 ,
93 2366 228 2430 tulantia
244 2364 451 2454 discerpserit
467 2365 624 2454 equisque
640 2364 873 2429 substraverit:
890 2364 925 2429 id
942 2365 1033 2453 quod
1049 2367 1165 2434 lacuna

13 2477 14 2482 ’
91 2473 298 2562 capacissima
320 2487 354 2536 et
374 2471 460 2536 tituli
484 2471 644 2536 librorum
667 2471 892 2536 loculamentis
916 2471 1063 2562 inscripti
1089 2493 1165 2565 post

91 2579 177 2643 illam
206 2578 419 2642 vastationem
444 2575 591 2642 bellicam
618 2576 837 2666 probaverint.
859 2577 1022 2665 —Atque
1051 2579 1106 2662 hi,
1131 2599 1165 2647 et
1261 2661 1265 2672 ι

91 2777 386 2844 1.[oann.]a.[ndr.18.
399 2767 780 2845 [chmidtio]1).[oct.]iiolmst.
793 2778 868 2838 270⁵,
881 2777 952 2838 ist-s,
970 2793 1027 2844 μς.
1040 2781 1116 2846 stim
1131 2799 1163 2832 ex

91 2885 119 2916 eo
128 2868 237 2932 deniqne
250 2868 284 2916 G.
295 2869 324 2916 tt.
336 2863 455 2914 Mi'dleros
467 2865 568 2931 (Hister.
581 2865 638 2914 kris.
652 2865 752 2914 stateo.
762 2882 794 2914 su
805 2864 876 2916 noth.
891 2867 1084 2916 lennem-der
1094 2871 1162 2920 alten

91 2959 133 3007 lat.
143 2953 315 3022 Scinssseiler.
326 2955 415 3005 Dresd.
431 2963 508 3018 17⁴7,
521 2967 582 3006 tom.
591 2959 631 3014 11,
645 2971 701 3022 με.
717 2955 787 3020 369).
807 2957 863 3005 Huc
877 2957 948 3004 stiam
961 2957 1114 3008 referendum
1129 2963 1164 3010 vi·

91 3045 173 3104 detor,
187 3043 270 3110 quod,
288 3054 317 3092 ut
328 3043 403 3092 refert
417 3041 542 3092 Fabricius
560 3045 603 3107 (B.
620 3047 649 3094 1..
671 3059 727 3109 μς.
744 3044 804 3108 1²7)
815 3046 924 3093 bessssio
936 3044 1067 3094 cardinalis
1080 3049 1164 3097 multis

91 3133 229 3200 sumptibus
241 3132 268 3180 in
282 3131 386 3182 Polonis
404 3131 559 3197 potissimum
577 3131 623 3180 bos
641 3131 718 3182 libros
737 3129 828 3196 requiri
847 3133 951 3181 curarit.
970 3133 1026 3181 Alis
1047 3147 1164 3200 proteres

90 3239 140 3270 esse
151 3221 264 3286 vestigia,
274 3219 372 3268 affuisse
379 3219 415 3268 ibi
426 3232 451 3270 et
462 3237 544 3269 revers
554 3221 675 3270 exstitisse
683 3221 753 3270 iilum
765 3221 875 3270 codicem
885 3222 918 3270 sit
930 3237 996 3270 cens.
1006 3225 1091 3284 Goth,
1099 3225 1164 3276 ulte·

91 3311 140 3360 rius
152 3309 331 3376 persequenda.
346 3311 442 3372 Qum,
457 3309 527 3372 quod
540 3309 682 3358 Schmusio
697 3319 799 3374 opunte
819 3325 892 3359 uerno
905 3309 991 3359 fecisse
1008 3311 1114 3376 videtur,
1134 3325 1164 3364 ot

91 3417 154 3448 nunc
165 3397 210 3446 fist
223 3399 338 3448 comisto
349 3397 403 3446 viro
416 3413 513 3448 summo
527 3413 602 3462 opere
615 3407 748 3464 optemus,
762 3397 878 3448 videlicet
891 3408 938 3459 ut,
956 3398 1000 3462 qui
1013 3409 1037 3448 et
1046 3401 1162 3454 isonium

90 3487 184 3552 pollent
197 3497 223 3536 et
233 3497 367 3552 potestate,
381 3501 477 3534 summo
492 3485 575 3534 nodio
589 3485 766 3550 omnibusque,
783 3501 838 3551 quar
856 3487 885 3535 iis
898 3497 1076 3552 presumsit,
1090 3491 1163 3553 adju-

24 3605 25 3628 t
90 3576 179 3628 mentis
189 3591 291 3641 opernm
302 3573 361 3622 dent
371 3573 543 3638 investigsudo
555 3572 595 3622 isti
608 3571 740 3641 uttpniiq:
758 3589 824 3622 nunc
835 3578 986 3638 presertim,
1002 3592 1078 3639 quum
1087 3589 1158 3643 perte

25 3653 26 3722 Ῐ
89 3665 130 3727 (ne
139 3663 222 3712 dicam
237 3661 368 3728 partionis)
380 3661 501 3710 librorum
516 3672 564 3710 tsm
578 3661 621 3710 diu
632 3660 823 3710 desiderstorum
833 3673 926 3711 serssts
936 3663 1028 3728 egregii
1036 3665 1118 3729 operis
1130 3677 1154 3715 et

90 3749 229 3815 prumtis
243 3749 320 3813 magis
331 3749 428 3812 cognita
439 3759 463 3797 et
472 3747 619 3798 desiderium
628 3757 725 3798 suctum
735 3749 774 3798 sit.
784 3751 840 3798 bins

26 3819 27 3826 ’
124 3841 163 3907 (ι)
180 3839 312 3889 savem.
325 3839 443 3900 xxxn,
461 3839 503 3886 m.

123 3928 162 3992 (s)
180 3925 257 3993 Apud
271 3925 426 3976 Fenstellinm
438 3927 464 3974 in
480 3925 585 3974 Misccil.
595 3943 650 3992 esp.
662 3927 711 3982 43.
724 3942 750 3990 p.
764 3935 807 3986 4⁷·
823 3925 888 3990 [Sed
899 3927 965 3974 euim
973 3925 1098 3974 bsrtbinm
1107 3927 1159 3976 hnc

91 4016 181 4064 dixisse
193 4015 294 4063 minium
305 4013 454 4063 eredendum
466 4025 510 4063 est.
524 4017 553 4062 ln
562 4015 674 4079 catalogo
686 4015 751 4063 enim
764 4013 921 4063 bibliothece
931 4012 1058 4062 Fuldeosis
1069 4011 1160 4079 (quelis

91 4121 117 4152 es
131 4105 209 4152 iuerat
220 4114 278 4152 sote
290 4103 382 4165 ilium),
394 4119 445 4152 non
460 4104 493 4150 its
505 4103 600 4170 pridem
612 4103 638 4150 in
648 4104 778 4153 Germanis
790 4103 923 4166 impresso,
935 4099 1001 4149 sniis
1018 4102 1111 4151 mentio
1124 4116 1164 4152 est

91 4193 185 4242 codicis
194 4193 225 4241 de
237 4193 301 4257 sep.
311 4193 342 4240 Α.
351 4193 388 4240 tt.
398 4193 423 4240 in
433 4191 511 4256 Add]

980 4273 1011 4342 3.
