2874 4898
264 469 304 514 ια
620 445 664 512 G.
689 445 733 510 Η.
759 442 967 512 MOSERI

258 565 449 656 regionibus
470 577 589 647 exstet,
605 587 647 628 an
661 564 724 630 alio
741 563 865 628 delatus
881 565 938 646 sit,
956 587 998 630 an
1014 565 1110 653 plane
1123 566 1332 636 interciderit.

262 673 355 736 Parte
374 685 484 734 autern
499 669 678 758 posteriore
699 667 780 735 illud
795 669 971 760 probatum
990 670 1255 753 irit,‘Prtesulem
1273 677 1334 740 Ca·

262 797 508 857 menecensem,
522 792 633 864 postea
649 775 892 858 Cbelmensetu‚
907 776 1180 860 Premisliensem‚
1192 775 1335 869 denique

213 950 218 961 ,
258 885 525 965 Posnaniensem,
535 883 749 948 Laurentium
761 882 954 948 Grimalium
967 883 1335 974 Gosliciumffiosliclri),

262 1009 433 1056 mortuum
449 1012 537 1056 anno
559 991 655 1077 1607,
670 989 822 1054 habuisse
835 990 928 1054 illum
940 989 1102 1074 codicem,
1119 1014 1225 1081 eoque
1236 1015 1335 1058 usum

235 1139 239 1148 ·
263 1098 379 1162 esseio
398 1096 637 1162 conscribendo
657 1118 772 1186 opere,
792 1095 884 1176 cujus
900 1096 1069 1184 inscriptio
1084 1098 1154 1162 hoec
1170 1115 1218 1162 est
1236 1123 1244 1164 :
1259 1130 1272 1156 ι
1284 1102 1335 1164 De

245 1195 248 1204 ’
262 1203 388 1293 optimo
403 1217 552 1268 senatore
567 1201 642 1266 libn'
659 1200 744 1284 duo,
758 1202 791 1266 in
809 1201 929 1289 quibus
946 1201 1191 1290 magistratuum
1209 1203 1334 1289 officia,

263 1310 384 1374 civium
406 1309 471 1374 rita
491 1309 604 1390 beata,
627 1309 944 1398 rerumpublicarum
966 1309 1101 1374 felicitas
1124 1309 1334 1400 explicantur.

263 1416 356 1503 Opus
373 1415 469 1504 plane
491 1436 647 1495 aureum,
667 1437 875 1478 summorum
893 1414 1165 1503 pbilosophorum
1187 1433 1219 1480 et
1239 1417 1333 1506 legis·

264 1523 403 1586 latorum
421 1519 569 1584 doctrina
583 1521 754 1600 refertum,
770 1520 924 1584 omnibus
942 1520 1139 1608 respublicas
1155 1522 1216 1586 rite
1228 1521 1335 1586 admi·
1432 1589 1433 1596 χ

263 1629 399 1692 nistrare
413 1627 620 1716 cupientibus
638 1651 706 1692 non
723 1627 822 1692 nrodo
842 1629 938 1706 utile,
955 1627 1012 1692 sed
1029 1629 1176 1716 apprime
1192 1652 1335 1694 necessa·

262 1735 359 1798 rium.
390 1734 533 1798 Accessit
558 1732 703 1822 locuples
730 1757 840 1798 rerunt
860 1749 931 1798 toto
949 1755 1049 1821 opere
1072 1734 1334 1800 memorabilium

263 1839 371 1904 index.
390 1841 473 1904 Cum
503 1839 680 1929 privilegio.
704 1840 846 1904 Venetiis
875 1863 926 1928 ap.
953 1837 1133 1904 Jordanunr
1159 1841 1333 1917 Zilettum‚

267 1946 369 2028 1568,
385 1947 469 2025 imai.
487 1946 577 2010 Idem
595 1946 742 2026 Basileae‚
760 1945 863 2031 1593,
880 1945 968 2034 apud
986 1944 1191 2010 Leonardum
1209 1947 1333 2029 Osten,

260 2052 414 2140 impensis
433 2051 567 2146 Roberti
584 2051 767 2132 Cambiers‚
788 2051 861 2115 in-8
876 2050 955 2138 (ψ.
978 2051 1019 2116 Et
1035 2052 1179 2139 primunt
1199 2051 1334 2140 quidem

261 2157 342 2223 illud
358 2159 433 2222 satis
452 2156 663 2244 probabiliter
682 2155 899 2238 demonstrat,
922 2155 991 2220 lieri
1009 2158 1168 2245 potuisse.
1174 2180 1231 2245 per
1247 2174 1333 2224 tem·

260 2286 380 2356 porum
396 2264 612 2350 locorumque
628 2262 805 2344 rationem,
825 2280 863 2328 ut
879 2265 942 2328 isto
957 2263 1069 2328 codice
1086 2281 1234 2329 uteretur
1249 2266 1334 2330 Gos-

261 2370 383 2434 licius:
405 2365 523 2432 deiude
541 2390 618 2431 vero
644 2390 811 2433 errorum
836 2392 913 2434 cum
936 2368 1027 2433 libris
1050 2370 1269 2434 Ciceronianis
1291 2371 1334 2438 de

263 2474 441 2565 Republica
460 2475 675 2563 congruentia
692 2472 808 2555 efficit,
824 2475 1002 2541 Goslicium
1020 2498 1086 2539 non
1104 2476 1241 2540 aliorum
1256 2480 1333 2542 scri·

263 2597 396 2670 ptorum
422 2595 568 2644 veterum
597 2579 733 2667 potius,
764 2602 862 2667 quam
897 2579 1063 2644 Ciceronis
1095 2579 1137 2644 de
1166 2581 1334 2670 republica

262 2687 384 2777 optima
414 2685 642 2751 constituenda
680 2687 873 2750 sententiam
900 2708 968 2750 esse
1002 2703 1199 2773 sequutum,
1233 2711 1333 2776 quem

264 2789 396 2881 quidem
420 2813 487 2856 non
505 2791 545 2855 ad
563 2792 699 2856 verbum
714 2790 918 2880 descripserit
932 2790 1019 2878 (nam
1037 2813 1079 2855 ne
1098 2815 1184 2856 unus
1198 2793 1333 2879 quidem

263 2899 394 2964 Goslicii
408 2898 498 2963 locus
513 2899 677 2964 Ciceronis
694 2899 789 2962 alicui
803 2900 877 2962 loco
898 2898 993 2986 plane
1012 2899 1162 2988 geminus
1178 2898 1257 2988 est),
1274 2900 1332 2964 sed

262 3001 485 3070 ratiocinando
503 3019 535 3068 et
560 3003 657 3068 rebus
680 3001 865 3092 digerendis
882 3025 1104 3092 sepenumero
1121 3007 1330 3090 expresserim

261 3134 300 3176 ex
317 3112 355 3174 iis
372 3108 532 3197 denique,
548 3133 619 3198 quoe
635 3109 708 3199 plus
731 3110 879 3175 minusve
898 3131 974 3174 cum
993 3110 1180 3198 fragmentis
1200 3112 1332 3175 servatis

258 3219 310 3282 rel
325 3215 460 3304 repertis
477 3233 675 3304 congruant,
692 3216 798 3305 colligi
822 3215 857 3279 id
877 3237 971 3304 posse
991 3216 1170 3296 existimat,
1189 3231 1225 3280 ut
1246 3238 1331 3280 non·

261 3323 356 3388 nullae
377 3323 496 3411 reperti
517 3324 622 3410 operis
644 3323 782 3400 lacuna,
803 3344 944 3410 quarum
965 3321 1098 3410 quidem
1121 3319 1210 3409 quod
1234 3323 1333 3387 luerit

260 3428 313 3494 vel
327 3451 396 3494 esse
412 3428 561 3494 debuerit
578 3445 826 3518 argumentum,
844 3429 1043 3508 innotescat,
1060 3426 1172 3493 eadent
1192 3427 1259 3492 fere
1279 3451 1331 3492 rt·-

262 3535 352 3600 tione
363 3533 564 3622 expleantur,
579 3557 642 3623 qua
657 3557 747 3602 nunc
759 3533 931 3623 Augustini
943 3533 1140 3621 quibusdam
1153 3550 1188 3598 et
1199 3533 1333 3598 Lactan-

261 3641 298 3705 tii
310 3641 513 3728 aliorumque
522 3641 601 3706 locis
610 3642 651 3705 ab
660 3643 699 3706 A.
712 3641 799 3705 Maio
808 3642 991 3728 complures
1001 3639 1216 3729 sintexpletae.
1230 3641 1332 3720 Cujus

262 3748 308 3812 rei
331 3747 455 3834 aliquot
474 3747 620 3836 exempla
637 3747 814 3836 insigniora
829 3746 969 3812 exhibet.
992 3746 1144 3834 Denique
1165 3770 1205 3810 ex
1220 3746 1331 3811 colore

297 3933 334 3998 (1)
352 3937 389 3984 De
402 3950 432 3982 eo
445 3936 498 3983 viro
510 3937 610 4000 eiusque
624 3937 687 3986 libro
697 3936 749 3987 vid.
760 3937 843 3986 ileon.
851 3937 935 3986 Wittii
944 3933 1054 3985 Diarinm
1066 3935 1252 4010 biogrnpltieum
1266 3935 1328 3984 scri-

259 4035 356 4087 ptorum
374 4023 457 4074 saculi
475 4025 559 4084 xvtt,
579 4040 635 4090 pag.
649 4027 697 4086 433
713 4027 813 4076 Gesneri
831 4024 979 4076 bibliothec.
992 4025 1019 4074 in
1032 4022 1164 4090 compend.
1181 4023 1232 4072 red.
1247 4025 1330 4072 Not.

259 4111 376 4170 Sinibra,
392 4127 450 4176 pag.
458 4112 512 4167 '⁴45
525 4129 565 4176 sq.
575 4113 695 4162 Collectio
708 4115 734 4164 in
749 4131 824 4164 nunna
836 4131 927 4179 corpus
937 4114 1057 4164 librorum
1067 4147 1074 4172 ,
1085 4113 1128 4176 qui
1140 4112 1169 4162 ab
1185 4129 1208 4160 a.
1220 4111 1285 4168 1564
1299 4111 1333 4162 ad

257 4215 279 4246 a.
294 4199 359 4260 ¹59²
371 4198 530 4265 prodierunt,
546 4215 602 4264 pag.
613 4201 674 4248 266.
