2874 4898
500 463 788 532 ramasrro.
1014 428 1015 438 ‘
1137 491 1179 564 ¹9

111 585 257 673 adjungit
275 584 377 648 etiam*
391 583 560 649 Rutilium.
578 583 729 652 Mummii
747 605 884 673 persona
904 607 1066 673 nusquam
1086 605 1180 656 antes

110 707 316 781 apparuerat,
338 689 400 756 nisi
427 689 461 756 in
486 689 630 780 paullum
656 707 806 779 corrupta
832 691 932 756 Nonii
955 692 1095 760 lectione
1114 697 1180 784 (1);
1311 741 1315 747 -

111 805 198 862 nuuc
219 820 298 862 vero
315 797 350 860 in
366 796 528 862 Vaticanis
551 798 695 886 reliquiis
716 821 784 862 non
804 799 904 864 semel
922 799 1077 887 loquitur.
1095 803 1180 868 lllud

110 906 229 970 tonum
244 917 308 984 est,
322 902 413 991 quod
427 926 531 993 quum
544 905 689 972 Fannius
705 922 740 970 et
758 907 791 969 in
811 905 914 970 citatis
928 906 1012 972 locis
1022 921 1056 972 et
1070 907 1105 972 in
1123 933 1180 974 co-

108 1009 178 1074 dice
187 1009 346 1074 Vaticano
362 1009 488 1072 intersit
505 1006 650 1100 dialogo,
667 1010 700 1074 in
715 1033 813 1100 opere
827 1010 875 1098 (a)
892 1026 1000 1080 tamen
1014 1011 1055 1076 de
1066 1014 1181 1078 Amici·

106 1117 166 1198 tia,
181 1138 255 1204 cap.
273 1139 305 1203 7,
322 1113 409 1181 idem
426 1137 446 1178 a
467 1115 607 1182 Scaevola
631 1115 759 1182 dicatur
779 1139 848 1182 non
864 1115 1005 1184 adfuisse
1025 1119 1058 1184 in
1077 1119 1180 1188 hortis

104 1222 266 1312 Scipionis
287 1243 391 1310 quum
414 1237 464 1286 est
484 1221 525 1285 de
547 1243 615 1311 rep.
636 1219 854 1311 disputatum,
878 1245 1047 1320 quumque
1065 1224 1180 1294 Lrelius

104 1329 325 1418 panochilum
349 1327 481 1409 justitiae
510 1328 626 1417 gessit3
653 1351 832 1418 rursusque
857 1329 973 1394 laelius
999 1329 1114 1398 eodem
1144 1333 1178 1398 in

103 1459 223 1524 opere,
240 1457 311 1523 cap.
326 1438 363 1515 4,
381 1451 538 1523 praesente
550 1436 693 1514 Fannio,
710 1435 796 1500 dicat
809 1435 983 1500 Scaevolam
996 1435 1181 1506 interfuisse

103 1563 217 1606 secum
235 1539 369 1630 dialogis
388 1527 429 1606 de
448 1541 528 1628 Rep.
549 1563 626 1606 cum
649 1538 744 1605 Philo
761 1556 886 1606 etcum
904 1540 1040 1610 Manilio
1063 1559 1094 1610 et
1110 1544 1179 1612 aliis

103 1647 271 1735 pluribus,
285 1647 365 1735 quin
384 1661 491 1710 tamen
511 1645 707 1734 peculiarem
720 1645 815 1711 faciat
832 1647 1033 1712 mentionem
1050 1647 1177 1716 Fannii.

103 1755 187 1819 Sanc
202 1755 237 1818 hi
257 1753 324 1818 duo
341 1753 404 1818 loci
420 1751 462 1818 de
476 1753 581 1818 Amic.
598 1751 674 1816 satis
689 1751 831 1818 indicare
844 1751 999 1818 ridentur
1016 1751 1178 1822 Fannium

10 1857 11 1868 ’
102 1859 246 1924 abfuisse
261 1859 303 1924 ab
323 1859 362 1922 iis
383 1856 536 1946 dialogis,
559 1856 635 1945 quia
655 1856 788 1936 Cicero,
813 1874 917 1944 quum
941 1857 1002 1922 elia
1022 1875 1178 1944 mutaret,

104 1966 189 2030 hanc
212 1985 347 2052 quoque
368 1985 542 2052 pomonam
560 1961 717 2048 (unumne
732 1982 774 2026 an
797 1963 881 2028 forte
899 1962 1051 2051 pluresl)
1069 1987 1178 2030 remo·

102 2069 244 2136 rendam
258 2069 554 2158 passionumque
570 2068 658 2132 itain
676 2067 836 2156 prooemio
850 2066 892 2133 ad
908 2068 1023 2160 fragm.
1039 2067 1081 2136 de
1097 2072 1193 2160 Repo
1336 2132 1345 2140 ,
1390 2093 1394 2102 ·

100 2191 216 2242 censet
230 2173 393 2264 Sigonius.
410 2171 475 2240 Sed
490 2192 565 2238 ecce
576 2193 668 2271 nunc
679 2172 787 2236 obstat
802 2170 905 2240 codex
919 2173 1108 2257 Vaticanus,
1121 2177 1178 2264 qui

101 2280 222 2346 Fannii
245 2301 420 2370 personam
448 2275 490 2342 sd
516 2275 682 2366 dialogum
710 2275 852 2342 adducit.
878 2280 1010 2368 ltaque,
1035 2302 1078 2344 no
1101 2301 1178 2355 cum

98 2391 137 2456 A.
154 2388 293 2454 Schotto
309 2385 355 2474 (3)
373 2395 636 2468 coenosissimo
654 2384 819 2448 Ciceronis
835 2385 1000 2468 incusem,
1019 2385 1054 2452 id
1071 2404 1176 2454 unum

97 2493 263 2584 effugium
282 2503 447 2580 superest,
470 2505 509 2554 ut
530 2489 675 2556 Fannius
699 2487 835 2554 secundi
860 2488 923 2556 diei
944 2487 1176 2580 disputationi,

96 2601 196 2681 cujus
217 2620 292 2688 pars
307 2597 404 2686 prior
419 2597 483 2662 fuit
500 2595 541 2662 de
554 2595 695 2678 justitia,
712 2617 780 2660 non
797 2595 996 2678 interfuerit,
1012 2595 1176 2685 digressus

96 2707 237 2772 fortasse
253 2726 330 2770 cuns
347 2701 412 2768 alio
429 2701 545 2790 quovis
567 2698 610 2766 ad
626 2701 775 2790 negotia;
790 2700 838 2764 uti
854 2716 930 2766 ante
950 2700 1115 2791 dialogum
1133 2703 1175 2788 de

97 2813 239 2880 Oratore
267 2806 450 2876 secundum
477 2789 614 2872 discedit
643 2807 797 2882 Scaevola,
826 2807 919 2886 cujus
944 2807 990 2870 rei
1014 2807 1173 2874 rationem

12 2967 13 3004 5
97 2915 209 2984 reddit
230 2914 340 2982 Attico
366 2913 412 3000 (4)
433 2913 502 3002 ipse
528 2927 652 2980 auctor.
679 2915 786 3000 Atque
810 2909 972 2992 ejusmodi
992 2931 1174 2978 commuta·

97 3029 206 3092 tiones
221 3045 434 3114 personarum
452 3039 486 3088 et
502 3021 662 3088 librorum
680 3021 715 3084 in
726 3018 925 3085 Academicis
943 3041 1077 3108 quoque
1092 3023 1173 3088 scri·

99 3131 216 3198 bendis
230 3131 343 3196 fecisse
359 3144 518 3196 renarrat
533 3128 646 3194 Cicero
662 3125 718 3216 (5).
736 3127 857 3210 Praeter
870 3125 1029 3190 librorum
1046 3143 1078 3192 et
1094 3144 1172 3203 tem,-

12 3271 13 3287 ,
97 3239 186 3328 poris
216 3252 250 3302 et
275 3257 490 3324 personarum
515 3235 684 3328 varietates
713 3233 805 3298 eliam
836 3254 969 3323 quoque
993 3234 1169 3298 novitatem

99 3343 254 3433 cogitavit
274 3344 379 3406 facere
396 3342 511 3408 Cicero
527 3341 562 3406 in
580 3339 632 3404 his
650 3339 740 3404 libris
755 3353 910 3404 monente
930 3339 1081 3408 Sallustio
1099 3339 1167 3429 (6),

99 3451 255 3515 nimirum
267 3448 393 3515 omissis
404 3448 547 3536 antiquis
561 3447 622 3512 illis
634 3443 901 3534 personis,·loqui
916 3443 984 3532 ipse
998 3447 1049 3512 rel
1066 3446 1167 3520 solus,

99 3557 151 3620 rel
171 3577 248 3620 cum
270 3555 417 3644 personis
438 3553 632 3641 equalibus3
651 3551 696 3618 sic
717 3551 854 3616 enimet
875 3573 966 3616 suam
990 3552 1166 3618 consularis

14 3795 15 3800 ¹
134 3773 174 3838 (ι)
190 3771 296 3820 Vidcde
307 3771 413 3835 uelit,
427 3767 471 3818 lin.

135 3859 173 3926 (a)
190 3861 228 3908 lta
239 3857 280 3908 ed.
289 3861 365 3907 llom.
376 3859 404 3922 l¹¹
415 3855 454 3904 ed.
464 3857 555 3920 stuttg.
566 3865 602 3904 est
612 3866 637 3904 et
649 3869 730 3918 opere.
742 3855 796 3902 Ma.

134 3947 173 4011 (3)
190 3945 288 3996 Nodos.
297 3945 350 3994 Cic.
361 3945 411 4004 111,
427 3945 450 3992 5.

134 4035 173 4100 (Α)
191 4035 301 4098 nutv,
321 4035 360 4084 ιθ.

133 4123 171 4186 (5)
190 4119 527 4180 atstee.xn1,rs,1s.

15 4279 16 4282 Ἴ
134 4209 479 4277 (s)1ae,«·eQ.o.nt,s.
