<?xml version="1.0" encoding="UTF-8"?>
<!DOCTYPE html PUBLIC "-//W3C//DTD XHTML 1.0 Transitional//EN"
    "http://www.w3.org/TR/xhtml1/DTD/xhtml1-transitional.dtd">
<html xmlns="http://www.w3.org/1999/xhtml" xml:lang="en" lang="en">
 <head>
  <title>
</title>
<meta http-equiv="Content-Type" content="text/html;charset=utf-8" />
  <meta name='ocr-system' content='tesseract 3.04.00' />
  <meta name='ocr-capabilities' content='ocr_page ocr_carea ocr_par ocr_line ocrx_word'/>
</head>
<body>
  <div class='ocr_page' id='page_1' title='image "bibliothecaclas91lemagoog_0018.png"; bbox 0 0 2874 4898; ppageno 0'>
   <div class='ocr_carea' id='block_1_1' title="bbox 172 681 1112 830">
    <p class='ocr_par' dir='ltr' id='par_1_1' title="bbox 172 681 1112 830">
     <span class='ocr_line' id='line_1_1' title="bbox 172 681 1112 830; baseline -0.003 -39"><span class='ocrx_word' id='word_1_1' title='bbox 172 686 245 830; x_wconf 68' lang='lat' dir='ltr'>G,</span> <span class='ocrx_word' id='word_1_2' title='bbox 272 687 336 788; x_wconf 87' lang='lat' dir='ltr'>n.</span> <span class='ocrx_word' id='word_1_3' title='bbox 372 681 667 790; x_wconf 78' lang='lat' dir='ltr'>Mosam</span> <span class='ocrx_word' id='word_1_4' title='bbox 707 683 1112 793; x_wconf 73' lang='lat' dir='ltr'>rnnrarro</span> 
     </span>
    </p>
   </div>
   <div class='ocr_carea' id='block_1_2' title="bbox 494 923 777 954">
    <p class='ocr_par' dir='ltr' id='par_1_2' title="bbox 494 923 777 954">
     <span class='ocr_line' id='line_1_2' title="bbox 494 923 777 954; baseline 0.004 -10"><span class='ocrx_word' id='word_1_5' title='bbox 494 923 777 954; x_wconf 54' lang='grc' dir='ltr'>...ηομ-...-</span> 
     </span>
    </p>
   </div>
   <div class='ocr_carea' id='block_1_3' title="bbox 88 1088 1180 4069">
    <p class='ocr_par' dir='ltr' id='par_1_3' title="bbox 88 1088 1180 4069">
     <span class='ocr_line' id='line_1_3' title="bbox 107 1088 1175 1208; baseline -0.002 -22"><span class='ocrx_word' id='word_1_6' title='bbox 107 1088 142 1189; x_wconf 83' lang='lat' dir='ltr'><strong>P</strong></span> <span class='ocrx_word' id='word_1_7' title='bbox 143 1143 227 1185; x_wconf 75' lang='lat' dir='ltr'>anca</span> <span class='ocrx_word' id='word_1_8' title='bbox 243 1135 341 1199; x_wconf 89' lang='lat' dir='ltr'>sunt,</span> <span class='ocrx_word' id='word_1_9' title='bbox 358 1139 430 1205; x_wconf 84' lang='lat' dir='ltr'>quae</span> <span class='ocrx_word' id='word_1_10' title='bbox 455 1114 496 1180; x_wconf 91' lang='lat' dir='ltr'>de</span> <span class='ocrx_word' id='word_1_11' title='bbox 521 1137 605 1181; x_wconf 91' lang='lat' dir='ltr'>nova</span> <span class='ocrx_word' id='word_1_12' title='bbox 621 1116 682 1181; x_wconf 90' lang='lat' dir='ltr'>hac</span> <span class='ocrx_word' id='word_1_13' title='bbox 699 1117 865 1181; x_wconf 83' lang='lat' dir='ltr'>Ciceronis</span> <span class='ocrx_word' id='word_1_14' title='bbox 883 1117 924 1183; x_wconf 93' lang='lat' dir='ltr'>de</span> <span class='ocrx_word' id='word_1_15' title='bbox 940 1118 1118 1208; x_wconf 85' lang='lat' dir='ltr'>Republica</span> <span class='ocrx_word' id='word_1_16' title='bbox 1135 1119 1175 1184; x_wconf 93' lang='lat' dir='ltr'>li-</span> 
     </span>
     <span class='ocr_line' id='line_1_4' title="bbox 106 1222 1176 1314; baseline 0 -24"><span class='ocrx_word' id='word_1_17' title='bbox 106 1227 238 1290; x_wconf 89' lang='lat' dir='ltr'>brorum</span> <span class='ocrx_word' id='word_1_18' title='bbox 262 1225 405 1289; x_wconf 79' lang='lat' dir='ltr'><strong>editione</strong></span> <span class='ocrx_word' id='word_1_19' title='bbox 434 1222 568 1286; x_wconf 90' lang='lat' dir='ltr'>lectores</span> <span class='ocrx_word' id='word_1_20' title='bbox 592 1222 735 1286; x_wconf 88' lang='lat' dir='ltr'>monitos</span> <span class='ocrx_word' id='word_1_21' title='bbox 762 1223 849 1287; x_wconf 90' lang='lat' dir='ltr'>volo.</span> <span class='ocrx_word' id='word_1_22' title='bbox 879 1223 1041 1312; x_wconf 87' lang='lat' dir='ltr'>Equidem</span> <span class='ocrx_word' id='word_1_23' title='bbox 1071 1249 1176 1314; x_wconf 87' lang='lat' dir='ltr'>quum</span> 
     </span>
     <span class='ocr_line' id='line_1_5' title="bbox 105 1327 1177 1420; baseline 0.001 -25"><span class='ocrx_word' id='word_1_24' title='bbox 105 1333 244 1420; x_wconf 90' lang='lat' dir='ltr'>primum</span> <span class='ocrx_word' id='word_1_25' title='bbox 259 1330 301 1394; x_wconf 91' lang='lat' dir='ltr'>ad</span> <span class='ocrx_word' id='word_1_26' title='bbox 319 1353 372 1394; x_wconf 89' lang='lat' dir='ltr'>me</span> <span class='ocrx_word' id='word_1_27' title='bbox 389 1328 492 1394; x_wconf 83' lang='lat' dir='ltr'>delata</span> <span class='ocrx_word' id='word_1_28' title='bbox 506 1346 590 1394; x_wconf 82' lang='lat' dir='ltr'>esset</span> <span class='ocrx_word' id='word_1_29' title='bbox 607 1327 706 1394; x_wconf 91' lang='lat' dir='ltr'>editio</span> <span class='ocrx_word' id='word_1_30' title='bbox 722 1331 761 1394; x_wconf 83' lang='lat' dir='ltr'>A.</span> <span class='ocrx_word' id='word_1_31' title='bbox 776 1328 871 1412; x_wconf 85' lang='lat' dir='ltr'>Maii,</span> <span class='ocrx_word' id='word_1_32' title='bbox 886 1353 1016 1394; x_wconf 90' lang='lat' dir='ltr'>summo</span> <span class='ocrx_word' id='word_1_33' title='bbox 1036 1354 1106 1396; x_wconf 84' lang='lat' dir='ltr'>eam</span> <span class='ocrx_word' id='word_1_34' title='bbox 1124 1356 1177 1396; x_wconf 93' lang='lat' dir='ltr'>ar·</span> 
     </span>
     <span class='ocr_line' id='line_1_6' title="bbox 106 1433 1176 1523; baseline 0.002 -23"><span class='ocrx_word' id='word_1_35' title='bbox 106 1437 180 1502; x_wconf 89' lang='lat' dir='ltr'>dore</span> <span class='ocrx_word' id='word_1_36' title='bbox 197 1452 232 1501; x_wconf 87' lang='lat' dir='ltr'>et</span> <span class='ocrx_word' id='word_1_37' title='bbox 247 1433 357 1500; x_wconf 89' lang='lat' dir='ltr'>studio</span> <span class='ocrx_word' id='word_1_38' title='bbox 378 1435 484 1523; x_wconf 83' lang='lat' dir='ltr'>legere</span> <span class='ocrx_word' id='word_1_39' title='bbox 509 1435 607 1522; x_wconf 81' lang='lat' dir='ltr'>coepi;</span> <span class='ocrx_word' id='word_1_40' title='bbox 624 1457 794 1522; x_wconf 90' lang='lat' dir='ltr'>quumque</span> <span class='ocrx_word' id='word_1_41' title='bbox 810 1457 869 1522; x_wconf 91' lang='lat' dir='ltr'>per</span> <span class='ocrx_word' id='word_1_42' title='bbox 887 1437 961 1500; x_wconf 90' lang='lat' dir='ltr'>satis</span> <span class='ocrx_word' id='word_1_43' title='bbox 978 1437 1099 1502; x_wconf 89' lang='lat' dir='ltr'>multos</span> <span class='ocrx_word' id='word_1_44' title='bbox 1115 1461 1176 1502; x_wconf 85' lang='lat' dir='ltr'>an-</span> 
     </span>
     <span class='ocr_line' id='line_1_7' title="bbox 104 1537 1178 1632; baseline 0.001 -25"><span class='ocrx_word' id='word_1_45' title='bbox 104 1566 162 1607; x_wconf 91' lang='lat' dir='ltr'>nos</span> <span class='ocrx_word' id='word_1_46' title='bbox 188 1543 224 1606; x_wconf 87' lang='lat' dir='ltr'>in</span> <span class='ocrx_word' id='word_1_47' title='bbox 250 1541 417 1605; x_wconf 85' lang='lat' dir='ltr'>Ciceronis</span> <span class='ocrx_word' id='word_1_48' title='bbox 441 1537 481 1602; x_wconf 88' lang='lat' dir='ltr'>de</span> <span class='ocrx_word' id='word_1_49' title='bbox 504 1539 713 1629; x_wconf 88' lang='lat' dir='ltr'>Philosophia</span> <span class='ocrx_word' id='word_1_50' title='bbox 741 1539 831 1604; x_wconf 90' lang='lat' dir='ltr'>libris</span> <span class='ocrx_word' id='word_1_51' title='bbox 856 1543 1053 1606; x_wconf 82' lang='lat' dir='ltr'>accuratiore</span> <span class='ocrx_word' id='word_1_52' title='bbox 1078 1567 1178 1632; x_wconf 87' lang='lat' dir='ltr'>opera</span> 
     </span>
     <span class='ocr_line' id='line_1_8' title="bbox 106 1641 1179 1736; baseline 0.001 -24"><span class='ocrx_word' id='word_1_53' title='bbox 106 1645 337 1736; x_wconf 83' lang='lat' dir='ltr'>perlustrandis</span> <span class='ocrx_word' id='word_1_54' title='bbox 365 1659 509 1708; x_wconf 87' lang='lat' dir='ltr'>versatus</span> <span class='ocrx_word' id='word_1_55' title='bbox 537 1667 658 1726; x_wconf 91' lang='lat' dir='ltr'>essem,</span> <span class='ocrx_word' id='word_1_56' title='bbox 686 1641 864 1709; x_wconf 87' lang='lat' dir='ltr'>identidem</span> <span class='ocrx_word' id='word_1_57' title='bbox 894 1647 929 1709; x_wconf 89' lang='lat' dir='ltr'>in</span> <span class='ocrx_word' id='word_1_58' title='bbox 959 1645 1030 1712; x_wconf 91' lang='lat' dir='ltr'>loca</span> <span class='ocrx_word' id='word_1_59' title='bbox 1058 1647 1179 1733; x_wconf 89' lang='lat' dir='ltr'>incidi,</span> 
     </span>
     <span class='ocr_line' id='line_1_9' title="bbox 106 1749 1179 1843; baseline 0.002 -25"><span class='ocrx_word' id='word_1_60' title='bbox 106 1755 222 1842; x_wconf 87' lang='lat' dir='ltr'>quibus</span> <span class='ocrx_word' id='word_1_61' title='bbox 248 1751 460 1843; x_wconf 86' lang='lat' dir='ltr'>probabiliter</span> <span class='ocrx_word' id='word_1_62' title='bbox 476 1749 598 1816; x_wconf 89' lang='lat' dir='ltr'>mederi</span> <span class='ocrx_word' id='word_1_63' title='bbox 625 1774 678 1815; x_wconf 90' lang='lat' dir='ltr'>me</span> <span class='ocrx_word' id='word_1_64' title='bbox 696 1774 792 1838; x_wconf 89' lang='lat' dir='ltr'>posse</span> <span class='ocrx_word' id='word_1_65' title='bbox 809 1750 1030 1836; x_wconf 90' lang='lat' dir='ltr'>confidebam,</span> <span class='ocrx_word' id='word_1_66' title='bbox 1051 1755 1112 1818; x_wconf 89' lang='lat' dir='ltr'>alia</span> <span class='ocrx_word' id='word_1_67' title='bbox 1137 1755 1179 1820; x_wconf 84' lang='lat' dir='ltr'>ab</span> 
     </span>
     <span class='ocr_line' id='line_1_10' title="bbox 101 1858 1179 1948; baseline 0 -22"><span class='ocrx_word' id='word_1_68' title='bbox 101 1865 137 1926; x_wconf 66' lang='lat' dir='ltr'>‘d</span> <span class='ocrx_word' id='word_1_69' title='bbox 151 1863 242 1927; x_wconf 83' lang='lat' dir='ltr'>Maio</span> <span class='ocrx_word' id='word_1_70' title='bbox 259 1862 367 1924; x_wconf 87' lang='lat' dir='ltr'>minus</span> <span class='ocrx_word' id='word_1_71' title='bbox 384 1875 471 1924; x_wconf 86' lang='lat' dir='ltr'>recte</span> <span class='ocrx_word' id='word_1_72' title='bbox 488 1859 539 1923; x_wconf 89' lang='lat' dir='ltr'>vel</span> <span class='ocrx_word' id='word_1_73' title='bbox 559 1859 714 1948; x_wconf 83' lang='lat' dir='ltr'>explicata</span> <span class='ocrx_word' id='word_1_74' title='bbox 731 1858 782 1922; x_wconf 91' lang='lat' dir='ltr'>vel</span> <span class='ocrx_word' id='word_1_75' title='bbox 801 1874 922 1923; x_wconf 88' lang='lat' dir='ltr'>tentata</span> <span class='ocrx_word' id='word_1_76' title='bbox 935 1860 1077 1944; x_wconf 84' lang='lat' dir='ltr'>offendi,</span> <span class='ocrx_word' id='word_1_77' title='bbox 1097 1863 1179 1926; x_wconf 92' lang='lat' dir='ltr'>mul·</span> 
     </span>
     <span class='ocr_line' id='line_1_11' title="bbox 105 1963 1180 2033; baseline 0 -1"><span class='ocrx_word' id='word_1_78' title='bbox 105 1969 141 2032; x_wconf 88' lang='lat' dir='ltr'>tis</span> <span class='ocrx_word' id='word_1_79' title='bbox 162 1969 298 2032; x_wconf 82' lang='lat' dir='ltr'>etiams</span> <span class='ocrx_word' id='word_1_80' title='bbox 322 1989 374 2029; x_wconf 91' lang='lat' dir='ltr'>me</span> <span class='ocrx_word' id='word_1_81' title='bbox 396 1966 568 2029; x_wconf 90' lang='lat' dir='ltr'>collatione</span> <span class='ocrx_word' id='word_1_82' title='bbox 589 1964 729 2029; x_wconf 91' lang='lat' dir='ltr'>aliorum</span> <span class='ocrx_word' id='word_1_83' title='bbox 749 1963 913 2029; x_wconf 86' lang='lat' dir='ltr'>Ciceronis</span> <span class='ocrx_word' id='word_1_84' title='bbox 941 1966 1099 2030; x_wconf 87' lang='lat' dir='ltr'>libromm</span> <span class='ocrx_word' id='word_1_85' title='bbox 1123 1968 1180 2033; x_wconf 84' lang='lat' dir='ltr'>lux</span> 
     </span>
     <span class='ocr_line' id='line_1_12' title="bbox 102 2069 1180 2162; baseline -0.001 -24"><span class='ocrx_word' id='word_1_86' title='bbox 102 2073 212 2138; x_wconf 81' lang='lat' dir='ltr'>alieni</span> <span class='ocrx_word' id='word_1_87' title='bbox 225 2083 322 2162; x_wconf 89' lang='lat' dir='ltr'>poss&#39;e</span> <span class='ocrx_word' id='word_1_88' title='bbox 334 2069 512 2135; x_wconf 87' lang='lat' dir='ltr'>videbatur.</span> <span class='ocrx_word' id='word_1_89' title='bbox 534 2070 617 2152; x_wconf 87' lang='lat' dir='ltr'>Quae</span> <span class='ocrx_word' id='word_1_90' title='bbox 635 2071 705 2134; x_wconf 86' lang='lat' dir='ltr'>loca</span> <span class='ocrx_word' id='word_1_91' title='bbox 723 2093 825 2158; x_wconf 89' lang='lat' dir='ltr'>quum</span> <span class='ocrx_word' id='word_1_92' title='bbox 845 2093 863 2133; x_wconf 94' lang='lat' dir='ltr'>a</span> <span class='ocrx_word' id='word_1_93' title='bbox 882 2093 934 2134; x_wconf 90' lang='lat' dir='ltr'>me</span> <span class='ocrx_word' id='word_1_94' title='bbox 947 2071 998 2135; x_wconf 85' lang='lat' dir='ltr'>vel</span> <span class='ocrx_word' id='word_1_95' title='bbox 1010 2071 1180 2138; x_wconf 88' lang='lat' dir='ltr'>emendata</span> 
     </span>
     <span class='ocr_line' id='line_1_13' title="bbox 101 2174 1179 2265; baseline 0.002 -23"><span class='ocrx_word' id='word_1_96' title='bbox 101 2183 149 2245; x_wconf 84' lang='lat' dir='ltr'>vel</span> <span class='ocrx_word' id='word_1_97' title='bbox 168 2179 328 2244; x_wconf 86' lang='lat' dir='ltr'>illustrata</span> <span class='ocrx_word' id='word_1_98' title='bbox 343 2179 376 2240; x_wconf 93' lang='lat' dir='ltr'>in</span> <span class='ocrx_word' id='word_1_99' title='bbox 391 2175 526 2242; x_wconf 82' lang='lat' dir='ltr'>schedas</span> <span class='ocrx_word' id='word_1_100' title='bbox 547 2176 779 2259; x_wconf 89' lang='lat' dir='ltr'>conjecissem,</span> <span class='ocrx_word' id='word_1_101' title='bbox 798 2174 839 2240; x_wconf 88' lang='lat' dir='ltr'>de</span> <span class='ocrx_word' id='word_1_102' title='bbox 855 2176 960 2265; x_wconf 88' lang='lat' dir='ltr'>iisque</span> <span class='ocrx_word' id='word_1_103' title='bbox 977 2179 1179 2244; x_wconf 85' lang='lat' dir='ltr'>Creuzerum</span> 
     </span>
     <span class='ocr_line' id='line_1_14' title="bbox 100 2281 1177 2374; baseline 0.001 -25"><span class='ocrx_word' id='word_1_104' title='bbox 100 2309 215 2350; x_wconf 89' lang='lat' dir='ltr'>meum</span> <span class='ocrx_word' id='word_1_105' title='bbox 233 2283 489 2365; x_wconf 90' lang='lat' dir='ltr'>consuluissem,</span> <span class='ocrx_word' id='word_1_106' title='bbox 506 2283 629 2346; x_wconf 82' lang='lat' dir='ltr'>factum</span> <span class='ocrx_word' id='word_1_107' title='bbox 647 2297 715 2364; x_wconf 88' lang='lat' dir='ltr'>est,</span> <span class='ocrx_word' id='word_1_108' title='bbox 736 2298 773 2346; x_wconf 93' lang='lat' dir='ltr'>ut</span> <span class='ocrx_word' id='word_1_109' title='bbox 790 2281 818 2345; x_wconf 92' lang='lat' dir='ltr'>is</span> <span class='ocrx_word' id='word_1_110' title='bbox 833 2281 893 2364; x_wconf 89' lang='lat' dir='ltr'>vir,</span> <span class='ocrx_word' id='word_1_111' title='bbox 912 2305 1011 2370; x_wconf 88' lang='lat' dir='ltr'>quem</span> <span class='ocrx_word' id='word_1_112' title='bbox 1033 2286 1177 2374; x_wconf 89' lang='lat' dir='ltr'>parentis</span> 
     </span>
     <span class='ocr_line' id='line_1_15' title="bbox 98 2388 1179 2478; baseline 0.003 -22"><span class='ocrx_word' id='word_1_113' title='bbox 98 2393 173 2457; x_wconf 91' lang='lat' dir='ltr'>loco</span> <span class='ocrx_word' id='word_1_114' title='bbox 188 2413 370 2478; x_wconf 80' lang='lat' dir='ltr'>numquam</span> <span class='ocrx_word' id='word_1_115' title='bbox 385 2411 453 2452; x_wconf 92' lang='lat' dir='ltr'>non</span> <span class='ocrx_word' id='word_1_116' title='bbox 467 2388 658 2467; x_wconf 87' lang='lat' dir='ltr'>venerabor,</span> <span class='ocrx_word' id='word_1_117' title='bbox 675 2403 789 2452; x_wconf 87' lang='lat' dir='ltr'>auctor</span> <span class='ocrx_word' id='word_1_118' title='bbox 805 2389 885 2453; x_wconf 92' lang='lat' dir='ltr'>mihi</span> <span class='ocrx_word' id='word_1_119' title='bbox 902 2388 993 2454; x_wconf 87' lang='lat' dir='ltr'>lieret</span> <span class='ocrx_word' id='word_1_120' title='bbox 1008 2391 1126 2458; x_wconf 91' lang='lat' dir='ltr'>edendi</span> <span class='ocrx_word' id='word_1_121' title='bbox 1139 2395 1179 2459; x_wconf 93' lang='lat' dir='ltr'>li-</span> 
     </span>
     <span class='ocr_line' id='line_1_16' title="bbox 98 2475 1179 2585; baseline 0.007 -23"><span class='ocrx_word' id='word_1_122' title='bbox 98 2499 165 2580; x_wconf 93' lang='lat' dir='ltr'>bri,</span> <span class='ocrx_word' id='word_1_123' title='bbox 187 2519 346 2584; x_wconf 85' lang='lat' dir='ltr'>suamque</span> <span class='ocrx_word' id='word_1_124' title='bbox 362 2494 443 2574; x_wconf 88' lang='lat' dir='ltr'>mihi</span> <span class='ocrx_word' id='word_1_125' title='bbox 461 2477 613 2582; x_wconf 85' lang='lat' dir='ltr'>operam,</span> <span class='ocrx_word' id='word_1_126' title='bbox 633 2517 704 2581; x_wconf 84' lang='lat' dir='ltr'>quse</span> <span class='ocrx_word' id='word_1_127' title='bbox 722 2511 771 2558; x_wconf 88' lang='lat' dir='ltr'>est</span> <span class='ocrx_word' id='word_1_128' title='bbox 788 2493 856 2572; x_wconf 91' lang='lat' dir='ltr'>ejus</span> <span class='ocrx_word' id='word_1_129' title='bbox 875 2494 1010 2585; x_wconf 85' lang='lat' dir='ltr'>insignis</span> <span class='ocrx_word' id='word_1_130' title='bbox 1027 2496 1060 2561; x_wconf 92' lang='lat' dir='ltr'>in</span> <span class='ocrx_word' id='word_1_131' title='bbox 1079 2475 1179 2570; x_wconf 87' lang='lat' dir='ltr'>rebus</span> 
     </span>
     <span class='ocr_line' id='line_1_17' title="bbox 97 2599 1179 2694; baseline -0.006 -26"><span class='ocrx_word' id='word_1_132' title='bbox 97 2607 181 2670; x_wconf 89' lang='lat' dir='ltr'>meis</span> <span class='ocrx_word' id='word_1_133' title='bbox 205 2601 395 2683; x_wconf 84' lang='lat' dir='ltr'>adjuvandis</span> <span class='ocrx_word' id='word_1_134' title='bbox 417 2600 619 2681; x_wconf 89' lang='lat' dir='ltr'>humanitas,</span> <span class='ocrx_word' id='word_1_135' title='bbox 643 2600 767 2687; x_wconf 81' lang='lat' dir='ltr'>prolixe</span> <span class='ocrx_word' id='word_1_136' title='bbox 787 2599 1002 2687; x_wconf 89' lang='lat' dir='ltr'>polliceretur.</span> <span class='ocrx_word' id='word_1_137' title='bbox 1025 2605 1096 2694; x_wconf 87' lang='lat' dir='ltr'>Ego</span> <span class='ocrx_word' id='word_1_138' title='bbox 1118 2631 1179 2673; x_wconf 84' lang='lat' dir='ltr'>au.</span> 
     </span>
     <span class='ocr_line' id='line_1_18' title="bbox 95 2705 1178 2797; baseline 0 -22"><span class='ocrx_word' id='word_1_139' title='bbox 95 2729 184 2788; x_wconf 90' lang='lat' dir='ltr'>tem,</span> <span class='ocrx_word' id='word_1_140' title='bbox 205 2732 308 2797; x_wconf 89' lang='lat' dir='ltr'>quum</span> <span class='ocrx_word' id='word_1_141' title='bbox 327 2707 437 2796; x_wconf 89' lang='lat' dir='ltr'>paullo</span> <span class='ocrx_word' id='word_1_142' title='bbox 461 2723 535 2794; x_wconf 89' lang='lat' dir='ltr'>post</span> <span class='ocrx_word' id='word_1_143' title='bbox 558 2706 667 2770; x_wconf 82' lang='lat' dir='ltr'>multae</span> <span class='ocrx_word' id='word_1_144' title='bbox 683 2705 854 2793; x_wconf 91' lang='lat' dir='ltr'>prodirent</span> <span class='ocrx_word' id='word_1_145' title='bbox 868 2707 918 2770; x_wconf 91' lang='lat' dir='ltr'>vel</span> <span class='ocrx_word' id='word_1_146' title='bbox 935 2725 1107 2776; x_wconf 84' lang='lat' dir='ltr'>contextus</span> <span class='ocrx_word' id='word_1_147' title='bbox 1123 2737 1178 2780; x_wconf 86' lang='lat' dir='ltr'>ro-</span> 
     </span>
     <span class='ocr_line' id='line_1_19' title="bbox 96 2810 1178 2908; baseline 0.004 -27"><span class='ocrx_word' id='word_1_148' title='bbox 96 2817 190 2882; x_wconf 90' lang='lat' dir='ltr'>mani</span> <span class='ocrx_word' id='word_1_149' title='bbox 210 2813 437 2902; x_wconf 86' lang='lat' dir='ltr'>repetitiones,</span> <span class='ocrx_word' id='word_1_150' title='bbox 456 2811 505 2876; x_wconf 86' lang='lat' dir='ltr'>vel</span> <span class='ocrx_word' id='word_1_151' title='bbox 518 2811 585 2876; x_wconf 79' lang='lat' dir='ltr'>aliae</span> <span class='ocrx_word' id='word_1_152' title='bbox 598 2813 739 2900; x_wconf 88' lang='lat' dir='ltr'>speciem</span> <span class='ocrx_word' id='word_1_153' title='bbox 752 2810 931 2876; x_wconf 77' lang='lat' dir='ltr'>emendatae</span> <span class='ocrx_word' id='word_1_154' title='bbox 945 2815 1093 2881; x_wconf 87' lang='lat' dir='ltr'>lectionis</span> <span class='ocrx_word' id='word_1_155' title='bbox 1104 2819 1178 2908; x_wconf 90' lang='lat' dir='ltr'>plus</span> 
     </span>
     <span class='ocr_line' id='line_1_20' title="bbox 95 2919 1178 3020; baseline 0.002 -32"><span class='ocrx_word' id='word_1_156' title='bbox 95 2926 252 2988; x_wconf 85' lang='lat' dir='ltr'>minusve</span> <span class='ocrx_word' id='word_1_157' title='bbox 260 2921 381 3002; x_wconf 86' lang='lat' dir='ltr'>justam</span> <span class='ocrx_word' id='word_1_158' title='bbox 395 2941 460 3020; x_wconf 80' lang='lat' dir='ltr'>prae</span> <span class='ocrx_word' id='word_1_159' title='bbox 471 2941 505 2982; x_wconf 90' lang='lat' dir='ltr'>se</span> <span class='ocrx_word' id='word_1_160' title='bbox 519 2920 677 3000; x_wconf 83' lang='lat' dir='ltr'>ferentes,</span> <span class='ocrx_word' id='word_1_161' title='bbox 695 2941 762 2982; x_wconf 89' lang='lat' dir='ltr'>una</span> <span class='ocrx_word' id='word_1_162' title='bbox 779 2919 875 2983; x_wconf 84' lang='lat' dir='ltr'>etiam</span> <span class='ocrx_word' id='word_1_163' title='bbox 892 2920 904 3008; x_wconf 90' lang='lat'>(</span> <span class='ocrx_word' id='word_1_164' title='bbox 912 2921 1092 2986; x_wconf 88' lang='lat' dir='ltr'>Heinrichii</span> <span class='ocrx_word' id='word_1_165' title='bbox 1102 2929 1115 3013; x_wconf 65' lang='lat' dir='ltr'>J</span> <span class='ocrx_word' id='word_1_166' title='bbox 1127 2950 1178 2992; x_wconf 88' lang='lat' dir='ltr'>es·</span> 
     </span>
     <span class='ocr_line' id='line_1_21' title="bbox 93 3023 1179 3118; baseline 0.005 -24"><span class='ocrx_word' id='word_1_167' title='bbox 93 3045 144 3094; x_wconf 87' lang='lat' dir='ltr'>set</span> <span class='ocrx_word' id='word_1_168' title='bbox 162 3029 346 3118; x_wconf 89' lang='lat' dir='ltr'>promissa,</span> <span class='ocrx_word' id='word_1_169' title='bbox 366 3049 438 3114; x_wconf 86' lang='lat' dir='ltr'>quae</span> <span class='ocrx_word' id='word_1_170' title='bbox 458 3025 603 3088; x_wconf 89' lang='lat' dir='ltr'>virorum</span> <span class='ocrx_word' id='word_1_171' title='bbox 629 3023 801 3089; x_wconf 88' lang='lat' dir='ltr'>doctorum</span> <span class='ocrx_word' id='word_1_172' title='bbox 826 3023 992 3091; x_wconf 90' lang='lat' dir='ltr'>desideriis</span> <span class='ocrx_word' id='word_1_173' title='bbox 1015 3034 1179 3100; x_wconf 84' lang='lat' dir='ltr'>cumulate</span> 
     </span>
     <span class='ocr_line' id='line_1_22' title="bbox 93 3129 1178 3220; baseline 0.003 -21"><span class='ocrx_word' id='word_1_174' title='bbox 93 3137 173 3199; x_wconf 89' lang='lat' dir='ltr'>satis</span> <span class='ocrx_word' id='word_1_175' title='bbox 194 3135 320 3198; x_wconf 82' lang='lat' dir='ltr'>factura</span> <span class='ocrx_word' id='word_1_176' title='bbox 336 3131 508 3212; x_wconf 89' lang='lat' dir='ltr'>diceretur,</span> <span class='ocrx_word' id='word_1_177' title='bbox 521 3129 735 3195; x_wconf 82' lang='lat' dir='ltr'>differendam</span> <span class='ocrx_word' id='word_1_178' title='bbox 753 3145 854 3195; x_wconf 88' lang='lat' dir='ltr'>totam</span> <span class='ocrx_word' id='word_1_179' title='bbox 869 3155 1002 3220; x_wconf 88' lang='lat' dir='ltr'>operam</span> <span class='ocrx_word' id='word_1_180' title='bbox 1015 3135 1178 3203; x_wconf 83' lang='lat' dir='ltr'>existima-</span> 
     </span>
     <span class='ocr_line' id='line_1_23' title="bbox 91 3237 1179 3330; baseline 0.004 -24"><span class='ocrx_word' id='word_1_181' title='bbox 91 3243 192 3322; x_wconf 88' lang='lat' dir='ltr'>bam,</span> <span class='ocrx_word' id='word_1_182' title='bbox 213 3237 319 3303; x_wconf 86' lang='lat' dir='ltr'>donec</span> <span class='ocrx_word' id='word_1_183' title='bbox 336 3239 397 3302; x_wconf 85' lang='lat' dir='ltr'>ista</span> <span class='ocrx_word' id='word_1_184' title='bbox 418 3237 518 3301; x_wconf 91' lang='lat' dir='ltr'>editio</span> <span class='ocrx_word' id='word_1_185' title='bbox 532 3237 619 3316; x_wconf 90' lang='lat' dir='ltr'>justa</span> <span class='ocrx_word' id='word_1_186' title='bbox 644 3253 676 3300; x_wconf 92' lang='lat' dir='ltr'>et</span> <span class='ocrx_word' id='word_1_187' title='bbox 700 3237 794 3326; x_wconf 89' lang='lat' dir='ltr'>plena</span> <span class='ocrx_word' id='word_1_188' title='bbox 816 3237 1004 3325; x_wconf 89' lang='lat' dir='ltr'>prodiisset,</span> <span class='ocrx_word' id='word_1_189' title='bbox 1024 3264 1095 3330; x_wconf 84' lang='lat' dir='ltr'>quae</span> <span class='ocrx_word' id='word_1_190' title='bbox 1111 3245 1179 3310; x_wconf 89' lang='lat' dir='ltr'>sive</span> 
     </span>
     <span class='ocr_line' id='line_1_24' title="bbox 91 3345 1177 3438; baseline 0.002 -24"><span class='ocrx_word' id='word_1_191' title='bbox 91 3368 375 3438; x_wconf 77' lang='lat' dir='ltr'>supervacaneam</span> <span class='ocrx_word' id='word_1_192' title='bbox 385 3347 504 3410; x_wconf 84' lang='lat' dir='ltr'>laceret</span> <span class='ocrx_word' id='word_1_193' title='bbox 517 3367 623 3408; x_wconf 91' lang='lat' dir='ltr'>meam</span> <span class='ocrx_word' id='word_1_194' title='bbox 635 3367 766 3432; x_wconf 89' lang='lat' dir='ltr'>operam</span> <span class='ocrx_word' id='word_1_195' title='bbox 776 3393 786 3425; x_wconf 87' lang='lat'>,</span> <span class='ocrx_word' id='word_1_196' title='bbox 796 3345 862 3408; x_wconf 88' lang='lat' dir='ltr'>sive</span> <span class='ocrx_word' id='word_1_197' title='bbox 873 3367 952 3410; x_wconf 85' lang='lat' dir='ltr'>meae</span> <span class='ocrx_word' id='word_1_198' title='bbox 965 3349 1066 3438; x_wconf 84' lang='lat' dir='ltr'>magis</span> <span class='ocrx_word' id='word_1_199' title='bbox 1080 3351 1177 3416; x_wconf 90' lang='lat' dir='ltr'>etiam</span> 
     </span>
     <span class='ocr_line' id='line_1_25' title="bbox 91 3447 1177 3544; baseline 0.003 -26"><span class='ocrx_word' id='word_1_200' title='bbox 91 3451 300 3519; x_wconf 78' lang='lat' dir='ltr'>exornandae</span> <span class='ocrx_word' id='word_1_201' title='bbox 316 3466 349 3516; x_wconf 92' lang='lat' dir='ltr'>et</span> <span class='ocrx_word' id='word_1_202' title='bbox 364 3447 575 3515; x_wconf 84' lang='lat' dir='ltr'>emendandae</span> <span class='ocrx_word' id='word_1_203' title='bbox 586 3449 765 3514; x_wconf 88' lang='lat' dir='ltr'>inserviret.</span> <span class='ocrx_word' id='word_1_204' title='bbox 781 3451 822 3514; x_wconf 85' lang='lat' dir='ltr'>At</span> <span class='ocrx_word' id='word_1_205' title='bbox 839 3449 917 3514; x_wconf 92' lang='lat' dir='ltr'>dum</span> <span class='ocrx_word' id='word_1_206' title='bbox 930 3474 1000 3515; x_wconf 88' lang='lat' dir='ltr'>eam</span> <span class='ocrx_word' id='word_1_207' title='bbox 1015 3475 1177 3544; x_wconf 81' lang='lat' dir='ltr'>exspecto,</span> 
     </span>
     <span class='ocr_line' id='line_1_26' title="bbox 89 3555 1179 3647; baseline 0.002 -22"><span class='ocrx_word' id='word_1_208' title='bbox 89 3561 184 3625; x_wconf 86' lang='lat' dir='ltr'>fama</span> <span class='ocrx_word' id='word_1_209' title='bbox 206 3557 249 3622; x_wconf 86' lang='lat' dir='ltr'>ad</span> <span class='ocrx_word' id='word_1_210' title='bbox 269 3579 321 3622; x_wconf 90' lang='lat' dir='ltr'>me</span> <span class='ocrx_word' id='word_1_211' title='bbox 340 3559 513 3647; x_wconf 85' lang='lat' dir='ltr'>perfertur,</span> <span class='ocrx_word' id='word_1_212' title='bbox 535 3555 752 3619; x_wconf 88' lang='lat' dir='ltr'>intermissam</span> <span class='ocrx_word' id='word_1_213' title='bbox 777 3578 845 3619; x_wconf 89' lang='lat' dir='ltr'>esse</span> <span class='ocrx_word' id='word_1_214' title='bbox 873 3557 982 3620; x_wconf 92' lang='lat' dir='ltr'>nescio</span> <span class='ocrx_word' id='word_1_215' title='bbox 1009 3582 1076 3647; x_wconf 93' lang='lat' dir='ltr'>quo</span> <span class='ocrx_word' id='word_1_216' title='bbox 1102 3585 1179 3626; x_wconf 90' lang='lat' dir='ltr'>casu</span> 
     </span>
     <span class='ocr_line' id='line_1_27' title="bbox 90 3662 1177 3749; baseline 0.001 -18"><span class='ocrx_word' id='word_1_217' title='bbox 90 3665 257 3731; x_wconf 85' lang='lat' dir='ltr'>editionis</span> <span class='ocrx_word' id='word_1_218' title='bbox 281 3663 366 3727; x_wconf 88' lang='lat' dir='ltr'>illius</span> <span class='ocrx_word' id='word_1_219' title='bbox 383 3662 640 3742; x_wconf 85' lang='lat' dir='ltr'>absolutionem,</span> <span class='ocrx_word' id='word_1_220' title='bbox 659 3663 870 3749; x_wconf 84' lang='lat' dir='ltr'>perferuntur</span> <span class='ocrx_word' id='word_1_221' title='bbox 890 3663 931 3726; x_wconf 88' lang='lat' dir='ltr'>ad</span> <span class='ocrx_word' id='word_1_222' title='bbox 949 3687 1001 3728; x_wconf 93' lang='lat' dir='ltr'>me</span> <span class='ocrx_word' id='word_1_223' title='bbox 1019 3665 1177 3732; x_wconf 88' lang='lat' dir='ltr'>editiones</span> 
     </span>
     <span class='ocr_line' id='line_1_28' title="bbox 88 3766 1178 3854; baseline -0.002 -17"><span class='ocrx_word' id='word_1_224' title='bbox 88 3770 285 3837; x_wconf 84' lang='lat' dir='ltr'>Heinrichii</span> <span class='ocrx_word' id='word_1_225' title='bbox 302 3769 420 3851; x_wconf 91' lang='lat' dir='ltr'>minor,</span> <span class='ocrx_word' id='word_1_226' title='bbox 439 3766 808 3848; x_wconf 61' lang='lat' dir='ltr'>Steinaclreridaehneri,</span> <span class='ocrx_word' id='word_1_227' title='bbox 826 3767 987 3851; x_wconf 78' lang='lat' dir='ltr'>Schi&#39;rtrii,</span> <span class='ocrx_word' id='word_1_228' title='bbox 1004 3770 1087 3854; x_wconf 84' lang='lat' dir='ltr'>aliae,</span> <span class='ocrx_word' id='word_1_229' title='bbox 1105 3796 1178 3837; x_wconf 88' lang='lat' dir='ltr'>ver·</span> 
     </span>
     <span class='ocr_line' id='line_1_29' title="bbox 88 3871 1179 3964; baseline -0.002 -20"><span class='ocrx_word' id='word_1_230' title='bbox 88 3881 213 3944; x_wconf 80' lang='lat' dir='ltr'>aiones</span> <span class='ocrx_word' id='word_1_231' title='bbox 229 3876 346 3956; x_wconf 87' lang='lat' dir='ltr'>etiam,</span> <span class='ocrx_word' id='word_1_232' title='bbox 366 3876 475 3964; x_wconf 85' lang='lat' dir='ltr'>gallica</span> <span class='ocrx_word' id='word_1_233' title='bbox 491 3898 557 3938; x_wconf 89' lang='lat' dir='ltr'>una</span> <span class='ocrx_word' id='word_1_234' title='bbox 570 3889 602 3937; x_wconf 93' lang='lat' dir='ltr'>et</span> <span class='ocrx_word' id='word_1_235' title='bbox 616 3871 689 3937; x_wconf 85' lang='lat' dir='ltr'>duae</span> <span class='ocrx_word' id='word_1_236' title='bbox 707 3873 915 3964; x_wconf 82' lang='lat' dir='ltr'>germanicae,</span> <span class='ocrx_word' id='word_1_237' title='bbox 927 3875 1046 3964; x_wconf 87' lang='lat' dir='ltr'>aliique</span> <span class='ocrx_word' id='word_1_238' title='bbox 1057 3875 1130 3941; x_wconf 91' lang='lat' dir='ltr'>libri</span> <span class='ocrx_word' id='word_1_239' title='bbox 1146 3897 1179 3942; x_wconf 87' lang='lat' dir='ltr'>et</span> 
     </span>
     <span class='ocr_line' id='line_1_30' title="bbox 88 3978 1178 4069; baseline 0 -21"><span class='ocrx_word' id='word_1_240' title='bbox 88 3985 220 4065; x_wconf 87' lang='lat' dir='ltr'>libelli,</span> <span class='ocrx_word' id='word_1_241' title='bbox 235 3981 408 4069; x_wconf 91' lang='lat' dir='ltr'>dequibus</span> <span class='ocrx_word' id='word_1_242' title='bbox 422 3984 453 4046; x_wconf 89' lang='lat' dir='ltr'>in</span> <span class='ocrx_word' id='word_1_243' title='bbox 467 3981 626 4046; x_wconf 90' lang='lat' dir='ltr'>librorum</span> <span class='ocrx_word' id='word_1_244' title='bbox 639 3978 821 4068; x_wconf 58' lang='lat' dir='ltr'>indicetr),</span> <span class='ocrx_word' id='word_1_245' title='bbox 834 4003 852 4044; x_wconf 89' lang='lat' dir='ltr'>a</span> <span class='ocrx_word' id='word_1_246' title='bbox 864 3981 957 4044; x_wconf 87' lang='lat' dir='ltr'>nohis</span> <span class='ocrx_word' id='word_1_247' title='bbox 968 3981 1009 4045; x_wconf 91' lang='lat' dir='ltr'>ad</span> <span class='ocrx_word' id='word_1_248' title='bbox 1020 3981 1104 4046; x_wconf 87' lang='lat' dir='ltr'>hanc</span> <span class='ocrx_word' id='word_1_249' title='bbox 1116 3984 1178 4048; x_wconf 86' lang='lat' dir='ltr'>edi-</span> 
     </span>
    </p>
   </div>
   <div class='ocr_carea' id='block_1_4' title="bbox 122 4145 733 4216">
    <p class='ocr_par' dir='ltr' id='par_1_4' title="bbox 122 4145 733 4216">
     <span class='ocr_line' id='line_1_31' title="bbox 122 4145 733 4216; baseline -0.003 -20"><span class='ocrx_word' id='word_1_250' title='bbox 122 4151 132 4209; x_wconf 78' lang='lat'>(</span> <span class='ocrx_word' id='word_1_251' title='bbox 140 4149 167 4210; x_wconf 88' lang='grc' dir='ltr'>ι)</span> <span class='ocrx_word' id='word_1_252' title='bbox 191 4146 278 4206; x_wconf 84' lang='lat' dir='ltr'>Quem</span> <span class='ocrx_word' id='word_1_253' title='bbox 292 4145 398 4216; x_wconf 76' lang='lat' dir='ltr'>indicem</span> <span class='ocrx_word' id='word_1_254' title='bbox 414 4145 469 4192; x_wconf 82' lang='lat' dir='ltr'>vide</span> <span class='ocrx_word' id='word_1_255' title='bbox 483 4145 561 4206; x_wconf 74' lang='lat' dir='ltr'>inira,</span> <span class='ocrx_word' id='word_1_256' title='bbox 575 4161 631 4208; x_wconf 79' lang='lat' dir='ltr'>pag.</span> <span class='ocrx_word' id='word_1_257' title='bbox 646 4147 669 4194; x_wconf 83' lang='lat'>5.</span> <span class='ocrx_word' id='word_1_258' title='bbox 684 4147 733 4194; x_wconf 79' lang='lat' dir='ltr'>En.</span> 
     </span>
    </p>
   </div>
   <div class='ocr_carea' id='block_1_5' title="bbox 169 4246 1053 4319">
    <p class='ocr_par' dir='ltr' id='par_1_5' title="bbox 169 4246 1053 4319">
     <span class='ocr_line' id='line_1_32' title="bbox 169 4246 1053 4319; baseline -0.011 -18"><span class='ocrx_word' id='word_1_259' title='bbox 169 4246 219 4314; x_wconf 82' lang='lat' dir='ltr'>V,</span> <span class='ocrx_word' id='word_1_260' title='bbox 247 4252 296 4301; x_wconf 74' lang='lat' dir='ltr'>cic.</span> <span class='ocrx_word' id='word_1_261' title='bbox 303 4267 364 4319; x_wconf 79' lang='lat' dir='ltr'>pars</span> <span class='ocrx_word' id='word_1_262' title='bbox 377 4250 451 4298; x_wconf 78' lang='lat' dir='ltr'>tertia·</span> <span class='ocrx_word' id='word_1_263' title='bbox 1042 4265 1053 4312; x_wconf 69' lang='grc' dir='ltr'>Ι</span> 
     </span>
    </p>
   </div>
   <div class='ocr_carea' id='block_1_6' title="bbox 0 0 1442 4898">
    <p class='ocr_par' dir='ltr' id='par_1_6' title="bbox 0 0 1442 4898">
     <span class='ocr_line' id='line_1_33' title="bbox 0 0 1442 4898; baseline 0 3"><span class='ocrx_word' id='word_1_264' title='bbox 0 0 1442 4898; x_wconf 95' lang='lat' dir='ltr'> </span> 
     </span>
    </p>
   </div>
  </div>
 </body>
</html>
