2874 4898
504 436 789 530 runrnrro.
1157 461 1177 534 7

114 562 286 626 scribitur:
307 555 715 644 Staatswr'sssnscltoftlielte
726 557 984 646 Betroclrtrmgsn
1000 559 1076 623 siber
1093 557 1179 625 cee-

112 667 171 732 ro’s
179 663 497 754 neuousgesundenss
506 665 604 730 Werk
612 687 686 730 vom
693 664 816 728 Stante.
824 662 1028 756 Heidelberg.
1038 667 1179 734 oswald.

114 774 210 854 1823,
227 772 308 860 int)
327 787 441 858 etque
456 769 566 835 adhuc
581 769 775 859 prodierunt
789 769 909 834 borum
922 770 1083 837 librorum
1102 795 1181 838 cen·

110 902 191 944 sure
206 879 241 942 in
258 876 428 942 annalibus
444 875 610 942 literarum
628 874 972 966 Heidelbergensibus,
987 877 1182 969 Gottingen·

109 975 219 1068 sibus,
235 983 451 1062 Halensibus,
469 980 708 1070 Lipsiensibus,
724 980 937 1064 tenensibus,
956 983 1035 1048 aliis.
1165 971 1175 985 ’

154 1091 237 1173 Quae
253 1087 380 1179 pridem
397 1089 585 1152 ferebantur
608 1107 642 1153 et
661 1088 795 1152 collecta
818 1104 911 1152 erant
937 1088 1058 1154 horum
1080 1091 1181 1157 libro-

110 1219 184 1262 rum
205 1197 385 1285 fragmenta
404 1194 438 1258 iu
465 1193 667 1262 editionibus¹
683 1217 820 1283 operum
845 1195 1008 1259 Ciceronis
1031 1197 1183 1286 integris,

109 1303 261 1384 adhibui,
277 1323 358 1366 usus
380 1298 454 1364 edd.
472 1299 608 1364 lloberti
630 1300 786 1388 Stephani
810 1299 1061 1389 (Victoriana),
1078 1305 1184 1370 Caroli

109 1408 285 1498 Stephani,
300 1405 463 1494 Sylburgii
484 1404 717 1492 (Wecbeliana
729 1407 762 1490 ),
781 1405 949 1488 lambini,
969 1407 1184 1491 Gotbolredi‚

115 1513 299 1603 Verburgii,
315 1512 464 1592 Ernesti,
478 1511 673 1600 bipontina,
690 1511 852 1591 Schiitzii,
867 1513 1012 1600 itemque
1031 1537 1070 1578 oo
1085 1515 1182 1597 libro,

112 1625 145 1687 in
159 1643 246 1709 quo,
262 1634 338 1684 ante
353 1634 498 1706 repertos
515 1617 556 1692 ab
576 1618 701 1706 Angeia
718 1617 805 1682 Maio
824 1617 885 1680 hos
903 1617 1021 1702 libros,
1035 1623 1185 1686 centonis

112 1730 211 1792 instar
222 1717 429 1790 concinnavit
442 1745 481 1786 ex
496 1720 652 1786 omnibus
667 1722 832 1786 Ciceronis
846 1723 935 1786 libris
953 1746 1008 1790 sex
1019 1725 1061 1790 de
1073 1729 1185 1816 llepu·

113 1834 194 1898 blica
213 1832 314 1896 libros
329 1827 556 1916 Francogallus
573 1825 774 1908 bernardus,
790 1827 835 1893 ita
851 1829 1047 1917 inscriptos:
1064 1863 1077 1887 ι
1087 1835 1136 1896 De
1156 1834 1186 1897 la

113 1939 315 2028 Re'publique
327 1958 373 1999 ou
388 1935 435 1998 du
447 1933 594 1998 meilleur
605 1950 878 2023 gouvernement,
887 1957 1029 2024 ouvrage
1045 1934 1086 2000 de
1100 1937 1190 2002 Cimi-

113 2067 190 2127 ron,
215 2042 331 2108 retabli
354 2041 478 2129 il'apres
499 2042 544 2106 les
565 2041 739 2129 fragments
762 2056 795 2106 et
821 2063 872 2106 ses
895 2057 1004 2106 autres
1022 2043 1135 2125 ecrits,
1152 2060 1186 2109 et

114 2151 235 2226 traduit
248 2173 290 2214 en
302 2147 439 2236 franpais
457 2169 534 2210 avec
553 2145 609 2210 des
625 2162 719 2210 notes
732 2145 930 2234 historiques
942 2163 975 2211 et
988 2147 1141 2237 critiques
1153 2165 1186 2214 et

113 2282 179 2322 une
196 2254 401 2322 dissertation
421 2273 479 2318 sur
503 2252 649 2341 l'origine
673 2267 706 2318 et
728 2251 773 2318 les
793 2256 927 2342 progrbs
950 2253 1007 2318 des
1026 2255 1185 2339 solertem,

114 2365 170 2428 des
188 2379 253 2426 arts
268 2377 301 2424 et
317 2359 363 2425 du
377 2360 452 2424 luxe
469 2359 548 2422 chen
564 2359 610 2422 les
626 2358 801 2438 Romains3
815 2358 964 2422 nouvelle
979 2359 1120 2444 edition,
1139 2385 1186 2426 ro·

112 2493 174 2534 rue
193 2483 228 2532 et
250 2465 409 2555 corrigie,
428 2469 446 2528 it
462 2462 600 2551 laquelle
616 2487 660 2526 on
685 2486 703 2526 a
722 2463 807 2541 joint
825 2463 854 2526 le
877 2478 964 2528 texts
986 2465 1085 2547 latin,
1108 2489 1185 2530 avec

113 2575 202 2640 deux
221 2571 443 2636 dissertatione
463 2571 655 2637 nouvelles:
678 2592 738 2659 par
755 2569 800 2634 M.
821 2569 985 2634 Bernardi.
1006 2572 1039 2635 ll
1058 2589 1183 2655 tomes,
1220 2615 1223 2622 .

114 2680 214 2745 Paris.
233 2679 383 2766 1807.n1.
399 2676 463 2756 340
480 2693 517 2748 et
527 2675 591 2740 350
608 2699 661 2764 pp.
675 2675 746 2740 irs-8
759 2707 782 2742 ι.

156 2787 201 2852 Et
219 2785 274 2848 hic
296 2781 429 2871 quidem
455 2782 548 2863 liber,
568 2797 605 2848 ut
633 2783 699 2846 suis
726 2781 877 2847 laudibus
898 2805 965 2847 non
987 2782 1184 2868 destituitur,

115 2895 236 2982 quippe
258 2891 317 2979 qui
331 2890 427 2954 etiam
445 2890 701 2954 Sancto-Crucio
720 2889 985 2977 (Sas'nte-Croie)
1012 2891 1185 2978 phcuerit,

117 3002 159 3064 ita
175 2998 218 3061 ad
235 3013 385 3060 nostrum
400 2995 571 3059 consilium
590 2993 768 3062 admodum
787 2996 894 3084 exigui
910 2996 973 3060 fuit
990 3019 1069 3060 usus
1087 2995 1100 3083 (
1123 2998 1146 3086 ).

150 3151 189 3215 (t)
206 3151 242 3198 Ut
255 3165 313 3198 vero
326 3149 400 3210 hujus
413 3149 470 3196 libri
483 3149 544 3196 ratio
558 3161 582 3197 et
596 3149 724 3197 consilinm
739 3149 814 3214 magis
827 3159 956 3214 apparent,
976 3165 1019 3212 age
1033 3164 1185 3213 apponamus

117 3241 243 3306 scriptoris
251 3239 329 3304 ipsius
336 3239 515 3302 expositionem
526 3239 651 3285 sententiar
663 3241 712 3286 susi
724 3253 730 3287 :
741 3261 753 3280 a
761 3239 794 3286 Le
804 3239 874 3286 onte
886 3237 916 3286 tle
924 3239 947 3286 ln
958 3235 1114 3302 lle'pnbliqne
1124 3239 1186 3287 almi

118 3328 223 3376 restante
234 3327 347 3374 contient
360 3341 394 3373 nn
409 3325 505 3374 tnbleau
518 3325 653 3388 historique
667 3325 710 3372 des
722 3326 874 3374 institutions
888 3329 1021 3384 romnines,
1034 3325 1076 3374 det
1090 3326 1188 3376 disens-

117 3417 183 3465 sions
198 3415 289 3464 surlet
303 3415 429 3478 questions
447 3414 481 3462 les
495 3414 552 3478 plns
565 3415 725 3478 importantes
740 3413 770 3462 dn
784 3414 807 3462 ln
822 3415 913 3463 morale
925 3425 949 3463 et
963 3414 993 3462 do
1010 3413 1033 3462 la
1048 3415 1187 3480 polirique,

118 3505 184 3553 telles
196 3521 245 3568 que
258 3503 369 3567 l'origine
383 3503 413 3550 de
422 3503 445 3550 lt
454 3502 560 3561 ancleti,
574 3501 687 3551 l'essence
701 3503 731 3550 de
740 3503 763 3550 la
777 3503 813 3550 loi
823 3513 848 3551 et
862 3503 896 3550 dn
908 3502 1001 3562 devoir,
1014 3503 1037 3550 ln
1053 3502 1186 3553 diffirenns

118 3591 230 3641 itoenslls
242 3591 276 3640 dn
291 3592 347 3638 bien
359 3601 385 3639 st
398 3590 432 3639 dn
445 3589 507 3647 mal,
525 3591 561 3639 les
571 3591 725 3638 londements
739 3591 772 3638 dn
782 3589 895 3648 bonbenr
907 3591 992 3656 public
1003 3602 1027 3640 et
1038 3593 1192 3656 perticulier.

118 3681 158 3728 On
170 3695 189 3746 y
203 3692 291 3729 trouve
303 3679 338 3728 les
351 3679 449 3727 samson
460 3689 599 3742 arguments
614 3679 645 3726 dn
660 3677 785 3729 Carneade
806 3691 892 3728 contra
904 3678 927 3726 le
936 3679 1025 3740 iustine
1041 3687 1066 3726 et
1079 3679 1103 3727 le
1120 3679 1188 3728 droit

118 3769 221 3816 naturel.
234 3771 370 3828 hnunce,
390 3767 435 3830 qui
450 3765 484 3813 les
498 3777 628 3830 supporto,
645 3765 681 3813 les
694 3767 759 3814 nvait
773 3766 853 3830 pulses
873 3745 933 3814 dans
950 3766 973 3814 ln
987 3765 1144 3830 lle'pnbliqns
1157 3766 1188 3815 ds

118 3855 230 3906 ciceron
242 3856 264 3903 ll
273 3855 309 3904 les
318 3856 377 3918 inge
391 3855 524 3902 insolnbles
537 3853 549 3902 i
563 3855 586 3901 ln
600 3857 681 3902 raison
693 3853 807 3906 horosius
814 3890 821 3914 ‚
839 3853 957 3903 destituis
967 3853 1000 3902 dn
1013 3866 1112 3902 seconrs
1124 3853 1155 3902 dn
1164 3853 1188 3902 ln

119 3943 231 4009 religion.
244 3944 266 3991 ll
279 3959 293 3992 a
308 3942 404 4009 neglige
418 3943 449 3991 de
463 3957 526 3992 nont
539 3938 598 3991 lnlre
612 3943 737 3992 oonntltre
749 3943 784 3992 les
797 3943 914 4009 ve'ponses
923 3956 971 4007 qne
980 3942 1082 3992 Cice'ron
1094 3957 1113 4008 y
1125 3943 1191 3991 svalt

117 4036 197 4084 fnites.
210 4034 258 4084 J'ai
269 4033 370 4098 snpplsle'
384 4033 398 4082 i
413 4044 477 4081 cette
488 4035 619 4094 omission,
635 4049 729 4082 comme
745 4049 810 4100 pour
824 4033 913 4082 tontis
925 4043 1002 4094 reste,
1016 4047 1047 4080 en
1060 4031 1191 4082 eberchant

19 4159 20 4206 ,
118 4121 178 4171 dns
191 4133 318 4172 mantres
329 4133 456 4185 ouvrages.
471 4123 537 4170 J'ose
553 4137 589 4168 me
608 4121 688 4170 flatter
702 4139 749 4184 qne
764 4137 804 4170 oss
823 4121 966 4170 recherches
979 4121 1049 4169 n'ont
1064 4123 1136 4187 point
1153 4120 1190 4168 ἑτέ

19 4281 20 4284 ¹
119 4213 298 4262 infructnenses
308 4233 329 4262 n.
