2874 4898
465 434 755 506 PRAEFATIO.
1127 459 1151 530 9

99 559 198 646 reliqua
207 557 372 622 Ciceronis
381 557 606 645 philosophica
615 557 743 620 minora
752 604 762 634 ,
770 577 844 643 quae
850 547 1045 644 plerumque
1053 555 1148 646 jungi

99 666 183 728 solent
193 712 202 747 ‚
214 663 363 729 videlicet
379 665 458 728 Cato
471 663 586 745 major,
598 663 728 746 Laeiius,
741 660 917 727 Paradoxa.
929 663 969 726 In
987 661 1053 726 fine
1066 661 1146 752 legi·

99 785 160 834 tur:
182 770 292 834 «Finis
314 769 422 848 libri...
446 769 503 857 qui
525 769 708 858 peroptime
729 767 930 834 emendatus.
948 769 1148 856 impressum

98 875 220 940 venetiis
236 898 295 964 per
310 877 468 940 Ioannem
484 891 517 940 et
525 875 721 965 Gregorium
733 873 773 938 de
782 873 945 962 Gregoriis
954 905 977 955 n,
991 895 1017 938 s.
1032 896 1079 955 a.;
1093 871 1152 938 sed

89 981 271 1068 impressum
295 1003 364 1045 esse
382 982 473 1045 hunc
500 981 621 1046 librum
645 981 729 1044 circa
751 1002 876 1044 annum
899 978 1001 1059 1500,
1023 979 1151 1043 monuit

96 1086 436 1174 meVeesenmeyerns,
459 1086 581 1176 collega
602 1085 888 1166 conjunctissimus
914 1085 993 1172 (qui
1019 1107 1150 1150 mecum

94 1191 164 1256 hanc
184 1192 360 1256 editionem
384 1191 541 1280 optimam
565 1177 597 1256 et
621 1192 769 1282 quinque
794 1191 890 1271 alias,
907 1191 939 1256 in
960 1187 1011 1254 his
1027 1193 1153 1256 Ascen-

96 1296 200 1360 sianam
225 1297 363 1386 primam
379 1314 412 1362 et
434 1297 696 1386 Herwagianam,
715 1297 961 1386 perhumaniter
976 1296 1156 1361 communi·

95 1401 193 1488 evit),
205 1425 310 1490 quum
327 1419 402 1492 post
415 1425 491 1468 eum
503 1425 628 1466 annum
643 1401 725 1466 nihil
739 1404 805 1466 fere
821 1425 860 1466 ex
877 1403 1016 1468 istorum
1031 1399 1155 1467 duumss

94 1507 223 1572 virorum
239 1506 367 1572 officina
384 1507 544 1597 prodierit
554 1507 621 1596 (1),

128 1614 181 1678 Ed.
202 1615 338 1680 Roberti
359 1614 515 1704 Stephani
532 1616 617 1704 Opp.
641 1615 708 1680 Cic.
729 1638 769 1680 ex
790 1616 879 1680 Petri
893 1615 1030 1680 Victorii
1052 1613 1149 1680 codd.

94 1743 155 1784 cum
171 1722 317 1802 ejusdem
334 1723 601 1811 explicationibus
615 1744 748 1786 suarum
760 1722 794 1785 in
811 1722 1002 1787 Ciceronem
1019 1719 1151 1808 castiga·

96 1827 217 1892 tionum.
240 1828 370 1894 VVoil.
391 1829 414 1892 f.
435 1852 517 1894 max.
541 1829 668 1893 Parisiis
689 1825 789 1910 1538;
813 1851 886 1916 quae
910 1828 1024 1916 quanti
1044 1827 1086 1890 sit
1102 1825 1150 1890 fa·

94 1934 211 2018 cienda,
234 1951 360 2000 norunt
377 1935 514 2020 eruditi3

128 2042 154 2106 6.
168 2041 382 2133 Lugdunensi
402 2066 409 2108 :
435 2041 534 2108 editio
557 2042 742 2131 splendida,
765 2043 938 2108 continens
954 2041 996 2107 de
1011 2041 1152 2121 Officiis,

92 2163 141 2210 ete.
156 2171 230 2212 oum
250 2171 370 2212 comm.
388 2150 512 2214 Erasmi
531 2149 689 2215 linterod.
711 2149 799 2214 Petri
816 2149 967 2231 Oliverii,
984 2148 1069 2212 Petri
1090 2149 1153 2212 Ra-

91 2253 126 2314 mi
141 2269 173 2316 et
190 2252 369 2318 doctissimi
388 2253 557 2334 cujusdam
572 2254 643 2319 viri.
664 2252 818 2343 Lugduni
835 2276 887 2342 ap.
906 2253 1032 2318 Theob.
1051 2253 1153 2342 Paga·

92 2379 175 2440 num,
200 2357 399 2442 1556,f.4;

125 2488 153 2550 7.
168 2464 330 2554 Tigurina
350 2488 358 2528 ε
385 2462 425 2529 de
443 2464 537 2530 offic.
555 2483 616 2530 etc.
632 2487 708 2529 curn
728 2465 861 2553 castigg.
882 2481 915 2529 et
933 2488 1008 2530 ann.
1021 2468 1062 2529 D.
1077 2465 1155 2530 Era·

89 2571 161 2650 smi,
179 2570 238 2634 Ph.
251 2570 456 2640 Melanthon
474 2575 510 2636 B.
525 2571 667 2652 Latomi,
682 2575 717 2636 C.
727 2573 870 2636 Coclenii
880 2573 950 2652 ‚W.
961 2571 1154 2650 Anemoecii,

89 2676 129 2738 Jo.
147 2678 342 2758 Camerarii,
356 2677 384 2741 J.
401 2678 557 2742 Metaleri.
577 2677 701 2766 Tiguri.
720 2678 943 2743 Froscbower.
969 2677 1060 2742 1560.
1083 2677 1156 2742 Hu-

88 2779 130 2858 jus
148 2782 303 2847 editionis
329 2784 529 2848 mentionem
552 2785 701 2848 fecerunt
720 2785 942 2872 Heusingerus
966 2782 1007 2848 ad
1025 2783 1096 2854 Cic,
1112 2781 1154 2846 de

90 2887 147 2954 off.
165 2908 198 2954 et
210 2889 365 2973 Beieriss3

126 2994 154 3060 8.
176 2994 237 3060 Ed.
255 2995 304 3060 Jo.
321 2995 472 3060 Boulierii
489 2997 574 3085 Opp.
590 2997 656 3061 Cic.
675 2997 808 3062 Philoss.
825 2996 996 3087 Lugduni,
1013 3019 1064 3086 ap.
1079 2999 1161 3090 Ant,

89 3097 294 3165 Vincentium
315 3100 413 3185 1560,
434 3102 482 3166 ΙΙΙ
498 3103 573 3168 roll.
590 3103 612 3166 f.
633 3104 669 3184 8,
693 3125 784 3191 quae,
810 3104 956 3192 quamvis
982 3125 1059 3167 mox
1085 3102 1156 3167 edi·

89 3206 170 3272 tione
181 3209 397 3274 Lambiniana
407 3209 578 3274 obscurata
588 3259 597 3292 ,
607 3211 673 3275 suis
685 3227 795 3276 tamen
813 3234 880 3276 non
891 3228 978 3276 caret
989 3209 1156 3292 laudibus,

89 3327 116 3374 et
134 3314 321 3396 immerito,
340 3331 377 3378 ut
396 3315 566 3380 ostendam
589 3316 630 3380 ad
650 3317 842 3382 Ciceronem
866 3315 906 3380 de
929 3316 1157 3398 Divinatione,

90 3418 124 3482 ab
137 3419 321 3486 editoribus
337 3421 400 3486 fuit
417 3421 581 3512 neglecta;
629 3483 632 3490 .

118 3638 154 3704 (t)
171 3639 270 3688 Habuit
286 3638 350 3688 banc
363 3655 462 3706 qnoque
475 3641 609 3692 editionem
622 3643 654 3692 ad
666 3659 764 3692 manum
781 3644 903 3706 Degenins
916 3642 941 3690 in
953 3641 1094 3692 adornanda
1104 3644 1157 3692 edi·

91 3725 151 3775 tione
163 3727 289 3776 librorum
306 3727 336 3776 de
347 3728 457 3790 Officiis,
475 3731 554 3794 deque
567 3747 595 3778 es
611 3733 722 3797 loquitur
735 3731 762 3780 in
779 3731 837 3780 edit.
852 3733 888 3778 111
902 3730 1007 3797 (1825),
1022 3731 1161 3781 Introdnet.

88 3827 112 3874 p.
122 3831 154 3862 xv
163 3833 200 3880 sq.
212 3815 310 3865 Habuit
320 3828 401 3864 antem
409 3818 502 3884 Degen.
510 3817 548 3865 bis
561 3818 630 3868 llbris
642 3836 751 3868 annexos
764 3819 888 3870 Ciceronis
899 3831 1004 3883 quatuor
1014 3820 1160 3869 Rhetorico·

92 3916 139 3949 mm
152 3903 230 3952 libros
245 3915 272 3952 et
288 3902 350 3952 duos
365 3905 396 3953 de
408 3906 556 3954 Inventione
570 3907 705 3967 rhetorica,
724 3906 856 3972 impressos
868 3905 960 3954 ibidem
970 3906 1038 3972 apud
1047 3905 1161 3966 eosdem,

90 3989 126 4035 ubi
137 3991 162 4038 in
176 3987 225 4039 fine
237 3991 349 4054 legitur:
370 4014 380 4034 ι
393 3995 538 4056 Impressnm
547 3994 662 4042 Veneciis
673 4011 717 4060 per
729 3997 851 4043 ioannem
868 4003 893 4042 et
904 3995 1049 4058 Gregoriuur
1061 3994 1092 4042 de
1101 3996 1163 4044 Gre-

91 4076 159 4138 gorii·
171 4081 269 4128 fratres.
285 4081 360 4126 Anno
372 4081 472 4128 Domini
484 4081 650 4132 MCCCCCII.
663 4085 709 4130 Die
723 4093 793 4132 sexto
807 4083 896 4131 mensis
910 4083 1021 4146 aprilisn.
1031 4082 1068 4131 Cf.
1079 4083 1158 4132 Beier.

92 4166 114 4209 in
125 4167 176 4214 Ind.
186 4166 248 4216 edd.
262 4166 316 4216 Cic.
329 4165 419 4216 deOsf.
429 4185 456 4232 p.
470 4171 535 4228 448,
553 4186 577 4216 n.
587 4187 611 4230 7.
