2874 4898
481 432 779 501 rumenam.
999 513 1005 524 ‚
1115 423 1163 496 25

98 605 131 669 V.
162 607 301 694 Οιιίηαιη
326 628 405 693 opus
431 605 470 668 de
499 609 573 696 Περ.
599 563 841 669 numeraverint
863 601 1026 692 usquead
1050 601 1165 666 Christi

512 711 661 776 saeculum
679 711 713 774 V
712 711 755 776 ll.

138 873 270 955 Quanta
287 873 366 937 olim
380 872 591 938 admirau‘one
609 873 736 960 excepti
758 872 823 937 sint
845 869 1010 934 Ciceronis
1027 868 1069 933 de
1083 870 1167 959 Rep.

93 979 162 1042 libri
182 1001 323 1068 pronum
344 977 471 1042 creditu
490 995 553 1058 est,
577 979 603 1042 si
619 978 760 1042 auctoris
778 977 914 1052 famam,
932 975 958 1040 si
978 976 1162 1064 argumenti

91 1086 329 1172 praestantiam,
355 1083 381 1147 si
401 1083 476 1172 styli
502 1083 709 1173 splendorem
734 1083 867 1172 cogites.
892 1081 1007 1146 Cicero
1030 1080 1164 1169 quidem

90 1191 157 1278 ipsc
172 1191 234 1270 ait,
251 1208 289 1253 ut
307 1212 406 1279 supra
424 1189 539 1270 docui,
556 1213 612 1254 cos
629 1190 730 1254 fuisse
749 1189 790 1253 ab
808 1189 915 1252 Attico
931 1189 1089 1252 lectos¹ac
1105 1186 1165 1251 de·
1241 1173 1244 1184 ἱ

89 1313 218 1362 voratos
241 1295 462 1384 probatosque
484 1294 578 1360 valde
600 1318 637 1360 ac
661 1294 855 1360 dilaudutos.
875 1295 996 1358 Coelius
1015 1293 1093 1358 item
1112 1294 1166 1358 Ci-

91 1404 201 1468 ceroni
219 1401 408 1484 nuntiabat,
423 1402 529 1466 ‘libros
549 1404 617 1482 ejus
638 1403 787 1492 politicos
810 1399 964 1466 omnibus
983 1398 1119 1489 vigere(
1141 1401 1163 1487 ).

90 1511 157 1573 lam
172 1509 384 1596 consequutis
400 1509 602 1598 temporibus
612 1511 682 1573 sine
693 1507 795 1574 dubio
805 1505 838 1570 in
854 1491 1003 1571 oiunium
1013 1506 1165 1570 manibus

89 1617 243 1692 luerunt,
261 1615 352 1704 quod
367 1633 500 1706 apparet
517 1640 555 1680 ex
578 1639 693 1681 eorum
717 1613 943 1697 multitudine,
963 1615 1020 1691 oui
1043 1612 1084 1678 de
1101 1614 1164 1678 illis

89 1723 282 1810 loquuntur.
308 1722 484 1787 Suetonius
510 1722 643 1810 quidem
664 1744 720 1786 eos
744 1722 897 1810 peculiari
919 1743 1018 1810 opere
1040 1719 1163 1785 collau·

90 1827 176 1893 davit
200 1827 246 1916 (ι)
270 1844 366 1892 :tum
383 1829 456 1893 lecti
481 1847 559 1894 sunt
582 1851 641 1894 seta
662 1828 804 1892 citantur
828 1828 863 1891 hi
883 1827 958 1892 libri
981 1851 1000 1891 a
1022 1828 1162 1916 Seneca,

91 1934 194 1998 Plinio
211 1934 359 2016 seniore,
374 1935 563 2016 Frontone,
581 1935 701 2015 Gellio,
715 1933 1074 2022 Macrobio,.Eulogio,
1091 1933 1164 1998 Ser-

89 2039 157 2121 vio,
180 2040 400 2128 Philargyrio,
418 2040 582 2104 luvenalis
599 2040 789 2120 scholiaste,
808 2038 1011 2128 Lampridio,
1033 2039 1161 2120 Nonio,

89 2147 252 2226 Charisio,
269 2146 444 2228 Diomede,
460 2147 648 2227 Victorino,
662 2147 829 2228 Nectario,
845 2145 1065 2234 Hieronymo,
1082 2147 1162 2210 Am·

89 2252 220 2333 brosio,
249 2252 405 2333 Boethio,
431 2251 578 2334 Isidoro,
610 2252 796 2333 Prisciano,
825 2251 1001 2340 presertim
1032 2273 1110 2316 veto
1142 2275 1161 2316 a

87 2360 255 2424 lactantio
273 2375 373 2447 atque
388 2359 430 2424 ab
448 2355 649 2447 Augustino,
667 2381 810 2447 quorum
828 2375 968 2446 uterque
985 2359 1106 2424 multos
1122 2381 1160 2424 ac

89 2462 366 2554 splendidissimos
384 2462 478 2556 locos·
498 2481 666 2530 mutuatus
689 2481 737 2530 est
759 2489 768 2530 :
790 2465 910 2545 immo,
932 2481 970 2528 ut
985 2465 1114 2552 opinor,
1142 2489 1160 2529 e

88 2572 229 2636 Tulliani
246 2571 354 2659 operis
376 2572 475 2636 titulo
495 2589 605 2636 ortum
621 2589 669 2636 est
690 2573 874 2663 Augustino
891 2571 1063 2636 consilium
1082 2572 1161 2636 scri·

88 2678 188 2742 beudi
205 2678 312 2767 operis
332 2677 419 2742 inter
437 2699 494 2742 sua
509 2677 742 2772 preclarissimi
760 2677 800 2742 de
817 2678 954 2742 Ciuitate
978 2678 1047 2742 Dei.
1068 2678 1159 2759 Quin

89 2785 197 2849 Livius
211 2784 360 2872 politicos
374 2782 472 2848 Tullii
484 2784 583 2848 libros
597 2784 726 2874 legerit,
741 2783 884 2848 dubitari
901 2805 969 2847 non
982 2800 1091 2876 potest
1102 2782 1161 2869 (3)

88 2891 251 2980 Suspicari
261 2890 336 2955 licet
345 2890 441 2954 ctiam
452 2888 493 2955 de
507 2891 613 2955 Dione
624 2891 750 2972 Cassio,
761 2890 802 2955 de
812 2890 975 2971 Aruob'io,
987 2891 1160 2956 Ammiano
1210 2957 1212 2964 ,

29 3011 37 3024 ·
89 2995 297 3078 Marcellino,
314 2994 469 3084 Apuleio,
486 2995 667 3084 Cypriane,
687 2995 904 3076 Tertulliano,
919 2998 997 3060 Aur.
1012 2995 1159 3078 Victore,

88 3205 154 3254 baud
166 3205 227 3251 satis
238 3203 332 3254 idoueis
346 3201 480 3252 rationibus
491 3203 591 3252 aliunde
602 3201 652 3252 buc
666 3203 807 3252 translatum
820 3204 868 3252 dici
882 3205 1002 3254 existimo.
1012 3206 1088 3268 Quod
1099 3225 1159 3256 sero

88 3295 125 3342 ait
137 3294 296 3352 Ciceronem,
312 3294 376 3342 iuter
388 3292 434 3340 hos
452 3292 483 3340 de
498 3292 632 3357 Republica
648 3292 724 3341 libros
744 3304 768 3341 ct
787 3295 901 3352 Brutum,
919 3293 996 3342 libros
1010 3293 1041 3342 de
1053 3296 1159 3360 legibus

89 3382 206 3440 edidisse,
219 3381 245 3428 id
260 3381 332 3442 velim
353 3380 446 3429 discere
462 3379 527 3430 uude
546 3382 614 3429 sciat.
636 3382 689 3446 Ego
708 3382 786 3441 enim,
800 3381 894 3430 collatis
907 3382 1095 3448 ponderatisque
1107 3401 1160 3434 otu·

87 3471 160 3518 uibus
173 3468 243 3533 quod
256 3469 287 3517 ad
300 3469 418 3518 libromm
433 3468 532 3518 illorum
546 3469 749 3534 compositionem
765 3469 945 3534 editionemqus
966 3473 1073 3536 pertinet
1087 3489 1160 3538 argu·

14 3605 15 3630 ,
88 3561 189 3616 mersus,
202 3575 244 3606 eus
255 3567 311 3623 post
326 3557 452 3608 Ciceronis
469 3557 568 3606 demum
582 3568 684 3606 mortem
698 3559 797 3616 exiisse,
815 3575 894 3622 neque
913 3559 944 3606 ab
964 3574 994 3607 eo
1015 3560 1087 3625 plene
1106 3579 1158 3610 esse
1238 3587 1245 3600 ·

88 3645 228 3702 absolutos,
248 3661 393 3710 quamquam
407 3647 511 3710 scriptos
531 3663 552 3696 a.
570 3646 631 3694 Urh.
651 3646 726 3695 cond.
742 3663 810 3708 70²2·
818 3647 943 3696 Ciceronis
956 3665 1022 3697 anuo
1037 3666 1093 3711 arr,
1106 3653 1158 3698 reri

86 3734 167 3782 babeo
177 3733 337 3782 simillimum.
347 3733 411 3782 vide
422 3751 499 3782 meam
512 3737 538 3782 iu
550 3725 627 3784 libros
639 3735 669 3782 de
683 3735 787 3800 Legibus
801 3735 1021 3798 introductionem,
1031 3754 1085 3802 pag.
1094 3755 1158 3786 xxv-

87 3836 184 3871 xxvttt.
200 3822 273 3871 Cotti.
290 3822 392 3870 Corradi
407 3824 530 3886 Questur.
542 3841 567 3888 p.
582 3823 633 3871 265
642 3838 650 3882 ς
672 3826 711 3874 Fr.
726 3823 797 3873 Febr.
814 3823 955 3876 Marcodur.
969 3826 993 3873 in
1005 3826 1063 3873 Vita
1075 3826 1156 3876 Cicer.
1178 3865 1181 3870 .

87 3927 142 3975 pag.
157 3926 214 3958 too.
228 3911 284 3958 Mn.

122 3999 160 4061 (ι)
178 3997 219 4047 sd
233 3997 318 4048 Famil.
329 4000 404 4056 vm,
422 4014 445 4047 1.

122 4085 160 4150 (a)
178 4085 242 4134 Vide
256 4085 404 4136 testimonia.

14 4225 15 4240 χ
124 4175 161 4241 (s)
181 4177 217 4224 oe
231 4179 294 4240 nep.
311 4177 349 4236 ιι,
365 4175 388 4236 ⁵,
401 4186 452 4224 not.
