2874 4898
466 496 469 504 ¹
503 481 789 550 rnnrarrn.
1135 481 1180 580 37

117 604 199 692 rupti
225 601 410 666 distractive
438 603 580 665 fuerunt.
608 602 656 665 llli
687 619 773 667 certe
797 602 926 666 codices
951 602 1196 669 bibliothecam·

115 711 189 773 Sixti
215 711 241 770 V
265 707 454 772 Vaticanum
479 730 660 794 numquam
683 708 818 796 ingressi
847 707 1019 790 videntur3
1045 711 1180 797 quodsi

114 815 297 894 accidisset,
314 815 334 877 ii
353 813 473 902 primas
489 813 580 877 facile
595 812 686 878 sedes
701 836 790 877 nunc
803 831 1017 902 occuparent,
1029 817 1081 881 vel
1094 833 1181 883 certe

113 924 143 985 in
166 922 368 1008 antiquiores
390 918 529 1007 syllabus
549 919 685 994 fuissent
703 919 810 998 relati,
828 921 918 1008 quod
937 939 1090 986 neutrum
1112 947 1180 988 esse

9 1067 10 1074 κ
112 1027 215 1092 video.
228 1029 353 1090 Rursus
370 1025 494 1113 aliquot
511 1049 610 1088 manu
624 1029 741 1114 scripta
749 1027 914 1090 volumina
933 1050 951 1090 e
968 1029 1182 1094 bobiensibus

112 1135 228 1222 pluteis
246 1121 268 1195 'a
294 1131 394 1195 Paulo
411 1130 494 1194 Vin
517 1131 709 1194 Vaticanum
736 1131 888 1218 palatium
914 1135 1012 1197 fuisse
1034 1152 1181 1200 sevocata

111 1241 212 1330 probe
236 1239 405 1318 novimus3
427 1261 494 1325 quo
515 1254 662 1325 tempore
680 1239 867 1326 praeclarum
885 1238 965 1302 illud
982 1262 1065 1328 opus
1084 1241 1180 1306 ador·
1252 1323 1257 1332 ¹

112 1347 225 1422 nabat,
255 1345 308 1408 cui
336 1365 457 1408 nomen
490 1345 566 1408 l'ecit
595 1341 742 1408 archium
775 1361 934 1408 secretum
965 1348 1181 1435 pontificium.

110 1451 285 1538 Ceteroqui
309 1467 357 1514 est
379 1449 459 1513 milri
478 1449 519 1513 ad
539 1473 653 1513 manus
678 1451 841 1540 catalogus
861 1453 1012 1539 copiosus
1031 1449 1182 1518 codicum

9 1641 10 1644 Ἴ
110 1582 193 1646 quos
212 1557 332 1620 Paulus
358 1555 562 1619 bibliothecae
580 1547 742 1618 Vaticanui
765 1555 914 1631 donavit,
937 1557 969 1620 in
990 1579 1057 1646 quo
1072 1576 1179 1623 tamen
1219 1565 1222 1570 “

9 1645 11 1670 ’
109 1655 278 1730 bobiensis
298 1662 407 1726 nullus
428 1676 486 1724 cst.
508 1661 597 1742 Quin
621 1660 703 1724 adeo
720 1661 895 1726 bobienses
914 1663 1182 1746 cuncti'codices,

110 1793 200 1834 nunc
225 1768 387 1847 Vaticani,
415 1783 550 1832 stemma
572 1767 695 1830 liabent
721 1767 913 1853 impressum
939 1767 1086 1858 Gregorii
1110 1771 1183 1850 XV,

109 1877 165 1962 qui
180 1875 282 1937 Paulo
300 1873 470 1954 successit,
488 1895 628 1936 necnon
643 1870 812 1935 cardinalis
828 1873 987 1961 Scipionis
999 1875 1183 1958 Cobellutii,

109 1984 163 2069 qui
191 1981 253 2044 sub
284 1997 424 2066 utroque
446 1979 601 2066 pontilice
626 1977 862 2041 bibliothecarii
889 2001 1024 2043 munere
1050 1983 1182 2046 functus

108 2106 165 2152 est.
183 2089 254 2178 Ego
273 2087 373 2176 igitur
394 2088 427 2150 in
448 2087 533 2149 hanc
556 2084 648 2148 facile
665 2085 858 2147 sententiam
878 2085 1039 2167 concedo,
1064 2105 1102 2150 ut
1119 2089 1181 2153 sub

108 2195 208 2257 initiis
224 2193 331 2256 saeculi
345 2191 442 2256 XVII
460 2191 540 2278 (quo
557 2205 703 2276 tempore
719 2206 770 2252 tot
786 2189 838 2252 alii
857 2187 983 2254 codices
997 2189 1036 2255 ad
1057 2191 1183 2258 Federi·

108 2323 182 2362 curn
203 2297 288 2362 card.
313 2300 534 2361 Borromaeum
562 2295 664 2358 bobio
688 2293 910 2358 Mediolanum
929 2297 1017 2359 missi
1034 2299 1181 2384 luerunt)

108 2403 383 2492 augustinianum
403 2401 549 2465 codicem
570 2399 671 2464 Paulo
688 2401 716 2462 V
740 2423 757 2462 a
777 2399 992 2465 Bobiensibus
1012 2404 1181 2468 monachis

107 2513 192 2573 inter
208 2509 286 2573 alios
303 2507 447 2570 oblatum
468 2505 615 2587 credam3
633 2507 689 2593 qni
709 2527 785 2570 mox
806 2507 1000 2571 successoris
1018 2507 1180 2596 pontificis

104 2615 197 2694 jussu
213 2614 376 2702 eleganter
391 2613 550 2701 compacti
564 2611 737 2704 ornatique
752 2611 818 2674 sint
835 2633 842 2674 :
858 2611 904 2674 sic
918 2613 1004 2675 enim
1017 2613 1180 2702 plerisque

106 2721 267 2784 Vaticanis
281 2717 449 2783 codicibus
466 2717 639 2808 contigisse
652 2715 764 2789 video,
782 2739 924 2804 quorum
939 2719 1129 2783 instauratio
1146 2737 1179 2784 et

105 2841 241 2892 ornatus
264 2849 330 2889 non
351 2824 450 2888 unius
468 2821 632 2912 pontificis
655 2844 738 2911 opus
762 2837 820 2885 est.
845 2821 980 2887 Codices
1001 2825 1177 2890 Bobienses

9 2962 10 2972 ¹
104 2936 230 3022 aliquot
254 2933 286 2994 iu
309 2931 462 2995 Vaticana
485 2929 682 2993 bibliotheca
705 2929 853 2992 tractavit
873 2929 923 2992 vir
941 2929 981 2993 cl.
1002 2931 1177 2997 Faustinus

105 3040 261 3106 Arevalus
286 3063 303 3102 e
326 3061 391 3102 soc.
414 3039 506 3118 lesu,
528 3058 650 3124 eosque
667 3035 788 3098 inasuis
815 3035 1052 3125 prolegomenis
1073 3038 1178 3103 Isido-

104 3147 211 3226 rianis,
230 3167 300 3232 cap.
313 3145 368 3230 98,
384 3141 568 3231 descripsit3
584 3141 619 3204 in
637 3140 688 3204 his
706 3157 812 3204 tamen
834 3141 1057 3230 palimpsestos
1072 3142 1175 3228 duos,

105 3277 223 3342 nempe
239 3251 280 3314 de
297 3253 375 3338 Rep.
394 3266 426 3313 ct
442 3249 641 3312 Frontonem
656 3243 767 3310 ridere
787 3270 851 3310 non
871 3249 996 3336 potuit,
1015 3250 1090 3337 quia
1105 3275 1175 3316 ma·

104 3359 182 3423 teria
197 3358 249 3420 bis
265 3356 467 3448 superposita
486 3377 553 3418 non
570 3369 618 3418 est
635 3353 797 3434 Isidorus,
812 3353 905 3433 cujus
923 3355 1019 3419 unice
1033 3361 1174 3425 auctoris

105 3466 156 3530 ille
178 3463 307 3530 codices
331 3461 553 3550 conquirebat.
577 3458 676 3542 Quod
697 3476 806 3523 autem
832 3462 984 3525 Arevalus
1006 3487 1112 3531 unum
1136 3493 1174 3532 ex

104 3573 163 3635 illis
180 3569 369 3636 Isidorianis
387 3568 579 3657 rescriptum
595 3589 663 3631 esse
678 3567 793 3651 sensit,
809 3568 1017 3656 prioremque
1033 3573 1173 3660 scriptu-

104 3701 170 3741 ram
197 3675 237 3740 ad
268 3697 372 3742 sacras
407 3675 514 3738 literas
540 3674 701 3759 pertinere
728 3673 910 3762 suspicatus
936 3690 1001 3755 est3
1028 3693 1116 3741 recte
1137 3679 1171 3743 id

88 3785 215 3865 „babet3
241 3782 318 3846 latet
340 3781 425 3844 enim
453 3781 486 3842 in
512 3804 551 3844 eo
575 3779 749 3844 bibliorum
777 3777 952 3843 latinorum
973 3804 1061 3867 pars;
1087 3805 1170 3870 prau-

104 3893 274 3976 uncaque,
291 3885 381 3978 quod
395 3885 447 3951 ille
465 3909 529 3950 non
547 3901 723 3967 memorat,
740 3885 853 3949 lolium
876 3887 1009 3950 unicum
1030 3909 1169 3974 graecum

105 3997 201 4058 literis
226 3994 350 4082 magnis
373 3992 537 4081 quadratis
558 3993 729 4082 geoponi'ci
744 3992 946 4082 argumenti,
965 3991 1058 4070 cujus
1074 4016 1171 4059 accu-

103 4117 202 4164 mtam
222 4099 474 4186 descriptionem
491 4100 544 4163 hic
562 4101 654 4162 locus
671 4122 738 4162 non
756 4099 886 4186 patitur.
909 4097 1011 4160 Porro
1031 4099 1171 4164 bobien-

107 4208 189 4270 sium
203 4203 370 4287 codicum,
385 4219 549 4292 quotquot
566 4203 699 4268 ubilibet
717 4204 749 4266 in
770 4203 859 4266 ltalia
876 4217 968 4280 sunt,
982 4219 1171 4290 exoptatum
