2874 4898
257 417 318 528 rr
610 417 811 486 anunm
845 419 966 486 nan

256 539 382 603 tertiam
390 537 517 601 circiter
524 537 630 625 operis
637 555 761 626 partem
771 541 956 606 noshabere
965 547 1159 632 comperiet(
1165 547 1204 634 r).
1212 547 1327 638 Neque

256 645 427 732 quisquam
445 643 581 708 miretur
599 644 686 708 baud
707 647 851 736 prolixos
875 646 976 712 rideri
996 650 1104 714 civiles
1122 651 1182 717 hos
1199 653 1299 719 libros
1317 683 1324 720 :

252 772 321 813 rem
339 750 425 814 enim
440 749 483 812 ita
500 771 536 813 se
550 749 668 814 habere
681 749 777 817 docet
793 753 962 816 manifeste
974 753 1056 818 liber
1069 757 1212 843 primus,
1231 763 1327 840 cujus

242 855 313 946 'etsi
333 871 473 942 quatuor
489 857 719 944 quaterniones
737 857 952 922 insumuntur
972 861 1005 922 in
1026 865 1240 949 prooemium,
1258 882 1324 930 tot·

252 959 404 1048 idemque
416 961 449 1024 in
461 959 578 1051 dialogi
593 962 714 1051 politici
729 962 881 1052 praeludia
894 965 1021 1051 (auctor
1032 967 1119 1031 euim
1134 991 1200 1032 non
1214 971 1324 1042 statim

250 1067 319 1130 vela
335 1067 426 1147 lacit,
446 1065 503 1129 sed
524 1068 615 1154 quasi
630 1090 647 1130 e
666 1084 766 1156 portu
784 1068 953 1157 egrediens
972 1063 1152 1159 paullulum
1170 1075 1323 1164 remigat)

250 1171 336 1236 idem
352 1172 564 1235 nihilominus
577 1173 658 1235 liber
670 1172 750 1238 fines
768 1175 992 1261 quaternionis
1004 1201 1066 1241 xrn
1080 1179 1131 1241 via
1146 1181 1320 1270 egreditur.

250 1279 292 1344 Et
309 1276 441 1366 quidem
461 1279 563 1341 multa
585 1279 750 1344 Ciceronis
768 1281 933 1344 volumina
957 1283 1018 1345 hac
1035 1285 1196 1348 concinna
1215 1286 1321 1350 brevi·

248 1401 313 1448 tate
332 1401 479 1466 utuntur,
494 1386 752 1473 nominatimque
769 1388 842 1451 libri
859 1387 899 1452 de
914 1389 1073 1478 Legibus,
1088 1392 1145 1478 qui
1166 1410 1244 1456 sunt
1260 1418 1321 1482 po·

248 1489 411 1555 liticorum
427 1484 530 1553 veluti
541 1490 745 1579 appendices.

377 1646 452 1709 ΧΗ.
479 1644 526 1707 De
544 1644 683 1732 legendis
704 1643 948 1735 ordinandisque
964 1625 1185 1736 palimpsestis.

292 1789 360 1852 Etsi
376 1787 525 1876 superior
540 1786 648 1851 tabula
665 1787 769 1851 doctis
781 1788 971 1874 antiquariis
983 1788 1155 1854 artificium
1168 1791 1240 1855 libri
1255 1797 1320 1857 mei

245 1899 319 1958 satis
346 1893 468 1982 aperit,
496 1893 708 1957 nihilominus
743 1911 775 1958 et
807 1895 984 1983 legentium
1016 1895 1254 1983 imperitiorum
1285 1919 1318 1964 et

245 2002 344 2088 ipsius
356 2001 401 2064 rei
413 2000 531 2088 gratia,
543 1997 651 2086 paullo
664 1999 787 2062 diutius
802 2001 879 2064 huic
892 2019 1085 2091 argumento
1098 1989 1316 2068 insistendum

242 2123 301 2169 est.
324 2102 406 2168 lllud
424 2121 533 2167 autem
547 2104 579 2166 in
597 2103 710 2190 primis
727 2105 829 2167 menti
841 2105 1001 2186 occurrit,
1019 2129 1117 2193 quum
1134 2124 1226 2172 vetus
1244 2131 1317 2173 mos

243 2189 524 2300 palimpsestortim
539 2207 761 2274 faciendorum
779 2210 838 2292 sit,
854 2211 1009 2298 quoniam
1027 2211 1148 2276 horum
1167 2215 1318 2279 meminit

241 2315 309 2404 ipse
333 2316 447 2378 Cicero
469 2315 503 2378 iu
521 2313 655 2400 epistola
671 2313 711 2378 ad
730 2313 919 2380 Trebatium
933 2317 1014 2396 juris
1031 2321 1218 2383 consultum
1238 2321 1287 2406 (2)
1307 2346 1316 2386 ;

241 2455 253 2478 «ι
272 2439 309 2485 ut
324 2419 365 2484 ad
383 2421 533 2507 epistolas
552 2437 623 2484 tuas
640 2419 786 2502 redeam,
804 2438 908 2486 cetera
930 2422 1026 2503 belle,
1044 2439 1105 2488 etc.
1127 2447 1202 2488 nam
1222 2427 1315 2513 quod

240 2529 274 2591 in
300 2526 522 2614 palimpsesto,
544 2524 640 2589 laudo
665 2524 816 2614 equidem
841 2527 1098 2615 parcimoniam:
1118 2528 1175 2594 sed
1200 2531 1315 2614 miror,

241 2631 320 2721 quid
344 2632 378 2694 in
401 2631 453 2694 illa
472 2630 615 2693 chartula
638 2631 750 2712 luerit,
774 2631 865 2718 quod
890 2630 998 2696 delere
1020 2632 1190 2724 malueris,
1212 2657 1311 2722 quam

237 2741 306 2806 baec
323 2761 389 2804 non
407 2737 563 2816 scribere;
578 2735 639 2800 nisi
655 2738 738 2800 forte
756 2753 828 2801 tuas
848 2737 1014 2802 formulas.
1029 2739 1106 2802 Non
1122 2741 1210 2804 enirn
1226 2760 1313 2829 puto

238 2861 269 2910 te
287 2867 372 2908 meas
389 2844 539 2931 epistolas
552 2841 675 2924 delere,
692 2859 730 2906 ut
740 2865 879 2932 reponas
893 2861 974 2910 tuas.
988 2847 1040 2908 An
1057 2845 1122 2911 hoc
1137 2846 1314 2934 significas,

242 2951 321 3015 nibil
333 2948 422 3014 ficri?
434 2947 550 3036 frigere
562 2947 615 3012 te?
629 2970 670 3011 ne
681 2947 825 3012 chartam
839 2947 972 3036 quidem
986 2947 1044 3014 tibi
1058 2950 1286 3039 suppeditare?
1298 2989 1310 3010 η

275 3119 313 3186 (1)
335 3118 580 3183 Tertiam...partem
595 3133 639 3165 nos
652 3116 741 3165 babere
754 3115 891 3181 comperiet.
909 3119 967 3167 Non
983 3119 1054 3182 plane
1067 3131 1157 3167 oerum
1175 3137 1226 3168 esse
1245 3123 1311 3172 banc

237 3211 354 3258 rationem
368 3208 406 3255 vel
419 3209 596 3272 suspicionem,
607 3173 725 3267 inlernia,
740 3221 795 3271 ques
806 3207 908 3268 dicunt,
925 3209 1073 3271 argumentis
1085 3193 1250 3258 demortuae
1259 3222 1311 3260 stu·

237 3302 291 3349 duit
301 3315 368 3348 cens.
379 3299 450 3346 Gott.
459 3299 476 3346 l.
486 3314 507 3344 c.
518 3314 542 3346 n.
556 3305 604 3357 44,
618 3298 724 3346 externis
737 3297 878 3361 Lipsiensis.
890 3297 998 3345 attonde
1009 3300 1074 3346 enim
1084 3308 1108 3346 et
1117 3315 1150 3352 ex,
1160 3299 1219 3362 ipsis
1229 3305 1310 3350 nostri

236 3387 318 3454 operis
328 3387 468 3452 fragmentis
483 3384 504 3450 (1
515 3422 521 3445 ,
535 3386 548 3433 8
559 3396 585 3432 et
595 3385 638 3448 23)
649 3385 751 3443 scimus,
766 3391 855 3432 tanum
868 3386 893 3432 iu
907 3383 946 3432 bis
957 3384 987 3432 de
996 3384 1132 3448 Republica
1145 3385 1219 3434 fnisse
1228 3404 1308 3438 rerum

236 3479 348 3543 copiam,
362 3483 389 3522 ut
408 3475 522 3535 majorem
540 3489 626 3521 eorum
643 3472 760 3520 ambitum
776 3473 849 3520 fuisse
868 3471 938 3519 facile
956 3473 978 3520 is
999 3473 1046 3519 sibi
1065 3474 1226 3536 persuadeat,
1249 3480 1309 3540 qui,

236 3582 309 3630 quam
322 3579 400 3630 pauca
411 3565 435 3611 in
449 3563 487 3610 bis
498 3561 638 3626 fragmentis
650 3571 784 3610 tractentur
793 3572 817 3609 et
826 3561 992 3617 absolvantur,
1008 3561 1085 3624 probe
1098 3562 1244 3612 consideret.
1254 3567 1307 3613 Ac-

235 3653 313 3709 cedit,
324 3651 391 3716 qnod
402 3667 432 3698 ex
443 3651 515 3698 trium
524 3651 632 3714 priorum
642 3649 759 3714 librorum
769 3647 863 3696 ambitu
875 3663 924 3695 nou
934 3650 992 3696 satis
1003 3659 1087 3707 certo,
1099 3651 1142 3714 qui
1151 3649 1223 3698 suerit
1233 3653 1307 3700 ιτίυω

234 3743 396 3806 posteriorum
407 3740 525 3797 ambitus,
534 3738 638 3800 judicari
652 3749 738 3802 potest.
748 3740 845 3800 Quanta
859 3736 924 3785 euim
937 3735 1072 3784 differentis
1084 3739 1116 3785 sit
1124 3740 1189 3786 inter
1200 3739 1310 3805 primum

234 3829 264 3877 de
274 3831 376 3878 Oratore
388 3827 476 3874 librum
487 3837 511 3874 et
522 3827 632 3882 tertium,
647 3826 718 3890 primi
732 3825 883 3888 mundique
895 3823 926 3872 tle
943 3824 1044 3872 Finibus
1056 3823 1113 3872 libri
1130 3836 1154 3874 et
1168 3825 1199 3874 de
1211 3827 1309 3876 Natura

231 3917 352 3972 Deorum,
371 3916 477 3978 itemque
495 3913 582 3978 primi,
603 3912 704 3960 meandi
725 3922 749 3960 et
766 3913 846 3960 ultim
860 3913 1070 3974 Tusculanarum,
1090 3914 1256 3979 librorumque
1274 3917 1307 3964 de

230 3984 385 4054 Divinatione
399 4019 470 4067 qoam
486 4003 563 4066 impar
577 4003 693 4060 ambitus,
706 4001 787 4066 pdmu
800 4011 900 4064 apparet
916 4001 1013 4050 obtutu.
1026 4004 1080 4051 Ma.

265 4095 304 4150 lul
324 4093 362 4142 Ad
385 4095 525 4144 tumvll.
550 4093 589 4139 18.
609 4092 683 4139 Conf.
704 4091 775 4155 etism
795 4089 946 4150 Martialem,
970 4093 1041 4150 xlv,
1056 4107 1080 4158 7.
1107 4089 1188 4156 [aad.
1208 4091 1303 4144 Catull.

231 4182 314 4246 Epigr.
329 4197 375 4240 aa,
390 4179 473 4244 ibique
487 4179 599 4242 interprr.
615 4177 680 4242 Ma]
