2874 4898
472 392 742 510 rnnssrlo.
1097 451 1141 546 4,

29 575 30 612 ὲ
104 563 225 644 udices,
244 583 386 650 quornm
410 583 468 648 par
485 561 601 626 lolium
619 583 659 627 ex
676 562 776 626 unico
794 563 915 642 majore
931 565 1047 654 impari
1066 591 1145 636 con-

104 672 205 732 fectum
218 685 275 732 cst.
294 669 402 754 Atque
421 666 457 728 in
472 683 543 730 toto
563 667 628 740 hoc
643 668 776 758 negotio
787 667 878 733 ‘ratio
897 672 1061 738 continue
1076 699 1149 742 scn-

104 775 191 838 tentiae
206 772 352 836 habenda
366 786 433 852 est,
446 794 511 859 qua
528 771 612 852 dnce
628 773 715 836 uotis
729 773 797 836 aliis
814 773 978 842 interdum
994 779 1047 844 six
1060 781 1147 848 iudi·

101 903 205 966 geurus.
233 879 407 944 Sententiae
428 893 538 942 antem
568 899 670 942 nesus
688 901 792 966 quum
816 881 850 942 in
879 881 1040 950 historicis
1061 909 1146 978 saepe

101 983 213 1048 evidens
229 999 294 1064 est,
308 999 378 1048 tum
398 983 430 1046 in
446 981 678 1070 philosophicis
694 999 751 1046 aut
768 985 917 1049 oratoriis
932 987 1022 1053 libris
1039 993 1149 1078 paullo

101 1090 341 1168 estobrolutior3
354 1105 387 1152 et
398 1087 506 1154 minus
517 1087 650 1176 quidem
663 1088 696 1151 in
708 1087 842 1178 integris
855 1093 999 1180 scriptis,
1011 1097 1150 1164 maxims

101 1196 235 1260 tamenin
251 1195 417 1260 hiantibus
431 1211 489 1258 aut
504 1193 622 1281 partim
639 1193 831 1260 obscuratis.
847 1197 915 1262 Hac
928 1219 989 1286 ego
1001 1200 1149 1270 doctrina

100 1303 184 1366 hctus
196 1302 271 1368 folia
291 1303 401 1366 omnia
418 1300 540 1388 politici
553 1299 674 1364 codicis
691 1301 807 1365 emiro
823 1321 969 1392 vagoque
987 1327 1095 1374 errore
1108 1309 1150 1376 ad

99 1408 174 1472 sedes
186 1431 274 1492 suas,
287 1423 446 1496 quantum
460 1407 567 1486 licuit,
580 1407 737 1470 revocavi.
755 1406 825 1472 Jstu
842 1409 901 1472 etsi
912 1412 1067 1500 pleraque
1082 1415 1148 1482 dis.

29 1581 30 1600 ,
99 1515 198 1600 positio
222 1515 398 1580 cerdssima
424 1529 498 1590 est,
523 1526 600 1575 sunt
624 1527 732 1576 tamen
755 1512 878 1599 aliquot
904 1515 980 1578 folia
1007 1541 1148 1605 quornm

29 1693 30 1696 Ἴ
98 1618 221 1702 genuina
242 1633 278 1682 et
293 1615 424 1706 propria
443 1613 535 1678 sedes
551 1611 693 1678 evidenti
711 1614 843 1678 veritate
863 1636 930 1680 non
947 1635 1052 1704 patct3
1072 1643 1151 1709 pue·

29 2373 31 2482 l

29 2499 31 2564 l

98 1725 191 1788 sertim
205 1723 264 1788 uhi
282 1721 385 1788 codex
396 1717 488 1786 valde
499 1719 657 1807 abruptus
668 1734 702 1782 et
719 1717 811 1784 hians
822 1722 987 1788 materiam
1002 1727 1150 1818 exiguam

99 1829 239 1896 laciniosis
251 1829 329 1894 hinc
338 1827 414 1893 inde
423 1826 631 1914 reliquiannu
640 1823 767 1890 sinibus
775 1827 882 1892 trahit.
890 1829 1150 1910 Quaternionnm

98 1953 192 2016 notas,
210 1958 284 2024 quas
299 1934 423 1998 suntin
439 1932 525 1997 calce
536 1931 782 2014 fascicrdorum,
797 1933 831 1996 in
847 1935 966 1999 librum
978 1941 1151 2024 transfem3

97 2059 173 2108 notas
189 2045 271 2108 item
288 2041 479 2130 paginarum
492 2037 629 2126 margini
641 2037 767 2114 adlino,
780 2057 848 2116 non
860 2053 945 2122 tam,
959 2057 996 2106 ut
1007 2061 1148 2112 veterem

96 2150 359 2236 perturbationem
386 2145 605 2210 demonstrem
637 2143 729 2231 (haec
749 2145 837 2210 enim
866 2169 935 2211 unc
961 2149 1060 2215 verbo
1086 2151 1149 2216 dici

95 2256 233 2344 poterat),
252 2277 352 2344 quatu
375 2267 414 2316 ut
435 2251 554 2316 curiosi
577 2252 713 2316 lectores
732 2253 863 2340 paginas
885 2252 958 2318 libri
979 2257 1044 2320 mei
1071 2279 1146 2322 cum

95 2363 190 2430 codice
203 2359 411 2428 commodius
424 2357 572 2422 conferre
585 2357 720 2445 possint

206 2534 301 2598 XIII.
322 2515 568 2618 Paloeogrcpltia
579 2529 777 2618 palimpsestt'
791 2529 831 2592 de
848 2527 1026 2618 Republica.

129 2696 292 2784 Scriptura
305 2689 445 2754 Tulliani
460 2657 579 2752 codicis
596 2686 748 2774 spatiosa,
769 2701 807 2750 ιιι
824 2685 908 2769 dixi,
930 2703 978 2754 cst
994 2711 1031 2754 ac
1047 2714 1151 2781 prope

29 2799 256 2887 quadrata
272 2799 316 2861 ita
338 2811 464 2874 tamen,
482 2809 521 2856 ut
538 2792 662 2878 aliquot
678 2791 777 2854 literae
797 2791 837 2854 ab
857 2735 911 2856 illi
927 2793 1068 2880 perfecta
1087 2797 1151 2861 ela-

94 2907 263 2995 borataqoe
287 2905 391 2966 somna
414 2891 583 2979 recedant,
608 2919 704 2984 quam
728 2897 826 2986 vulgo
850 2897 971 2987 lapides
998 2923 1059 2966 nec
1081 2925 1149 2968 non

29 3007 215 3104 qnidam
239 3007 439 3100 palimpsesti
461 3005 612 3070 retinent.
639 3003 684 3066 Ea
710 3019 834 3090 prostat
856 3004 891 3067 in
914 3027 1033 3070 excuso
1056 3030 1073 3071 a
1099 3031 1152 3074 me

94 3119 272 3204 specimine.
301 3111 474 3200 Ceteroqui
503 3110 537 3174 id
571 3107 699 3198 grandis
732 3109 897 3196 scripturas
928 3133 1031 3200 genus
1062 3113 1152 3178 haud

94 3223 281 3310 plerumque
303 3217 515 3297 auctoribus,
535 3213 592 3279 sed
609 3213 746 3278 librariis
771 3212 1037 3304 calligraphirque
1055 3217 1153 3284 debe.

96 3351 169 3392 mus.
187 3325 341 3392 Fronto'
332 3345 367 3388 ιιι
394 3321 536 3410 epistolia
558 3343 576 3384 a
601 3341 655 3384 me
677 3315 867 3407 propediem
891 3319 1024 3386 edendis
1046 3324 1090 3387 ait
1117 3346 1153 3390 se

29 3443 30 3452 ’
95 3435 264 3500 delectari
254 3431 333 3522 ipsis
354 3427 488 3506 literulis
509 3426 610 3491 Marci
630 3424 769 3505 Ausulil3
797 3425 969 3513 cupitque,
988 3429 1046 3492 ubi
1073 3429 1153 3518 quid

93 3541 128 3604 ad
152 3565 186 3606 se
203 3540 341 3618 scribet,
365 3557 423 3600 sua
441 3555 542 3598 manu
560 3532 687 3596 scribat.
711 3533 748 3594 ln
772 3533 901 3596 Catonis
917 3537 1055 3600 censorii
1074 3527 1153 3620 vita,¹

94 3672 155 3767 cap.
165 3673 218 3730 ιο,
235 3660 344 3711 narrat
360 3640 565 3718 Plutarchus,
583 3625 771 3702 Catonern
762 3660 795 3700 m
813 3636 869 3704 filii
888 3640 1037 3728 gratiam
1054 3667 1152 3731 quem

94 3756 154 3842 ipse
171 3751 329 3820 doctrinis
345 3747 557 3827 informabat,
573 3767 641 3808 nou
653 3765 818 3808 recusasse
834 3744 978 3810 laborem
990 3749 1152 3814 scribendi

29 3877 30 3908 ³
95 3859 236 3926 historias
253 3881 311 3922 sua
328 3877 427 3919 manu
442 3851 540 3916 literis
556 3850 700 3938 magnis,
724 3871 790 3936 quo
806 3871 889 3936 puer
911 3850 1000 3914 dorni
1020 3852 1158 3919 haberet

29 4197 31 4310 l

29 4397 31 4506 l

94 3966 260 4032 commoda
278 3960 469 4050 exemplaria
484 3957 525 4022 ad
541 3954 694 4020 discenda
715 3955 872 4036 majorum
889 3955 1035 4020 instituta
1053 3981 1060 4022 :
1080 3962 1154 4046 qui-

95 4073 150 4136 bus
175 4072 285 4136 verbis
312 4068 386 4132 satis
414 4063 522 4128 innuit
546 4059 738 4126 Plutarchus
766 4056 864 4123 moris
888 4083 956 4124 non
981 4061 1098 4145 fuisse,
1117 4083 1154 4130 ut

94 4197 236 4244 auctores
253 4176 314 4266 ipsi
325 4174 374 4239 vel
387 4170 512 4237 nobiles
525 4169 585 4232 viri
600 4167 758 4254 scriptura
769 4165 820 4228 illa
831 4188 966 4252 operosa
977 4167 1156 4258 grandique
