2874 4898
497 428 780 500 PRAEFATIO.

366 627 549 704 INDEX
578 624 910 720 LIBRORUM,

222 815 478 879 antonuuoun,
505 815 634 875 QUIBUS
661 815 748 862 USUS
774 813 838 864 EST
865 813 1053 878 Mosnnus,

478 932 792 981 ADJUMENTORUM.

147 1089 299 1155 Editione
319 1088 453 1177 quidem
478 1090 624 1153 Romana
648 1087 767 1178 Angeli
792 1088 870 1154 Maii
893 1086 1038 1176 principe
1057 1105 1172 1174 quem·

105 1219 202 1286 quam
221 1195 317 1260 nobis
331 1195 380 1260 uti
398 1217 465 1260 non
483 1195 595 1278 licuit,
616 1218 654 1260 en
670 1211 778 1263 tamen
791 1193 881 1260 haud
896 1215 979 1282 egre
989 1193 1173 1268 caruimus,
1236 1227 1238 1234 ·

105 1325 208 1391 quum
240 1299 282 1366 ad
310 1319 450 1364 manum·
473 1300 616 1383 luerint,
638 1323 711 1389 quae
732 1300 775 1364 ad
802 1301 871 1382 ejus
898 1299 1063 1388 exemplar
1096 1297 1173 1362 satis

105 1424 252 1473 accurate
278 1429 435 1496 expresses
460 1421 553 1488 sunt,
573 1407 804 1496 Stuttgartiana
825 1404 838 1495 (
856 1407 891 1470 in
909 1405 1037 1470 libraria
1055 1405 1174 1480 Cottre,

105 1538 139 1580 rr.
170 1535 263 1578 neec.
290 1513 398 1600 xxn.)
421 1528 454 1576 et
482 1512 698 1577 Londinensis
730 1512 962 1602 elegantissima
997 1509 1174 1598 (impensis

105 1622 131 1685 J.
148 1619 323 1684 Mawman.
338 1641 529 1684 nocemur
541 1619 572 1706 ),
588 1641 660 1707 quae
674 1635 707 1684 et
722 1619 808 1684 inter
824 1641 858 1684 se
871 1635 905 1684 et
922 1641 997 1682 cum
1013 1615 1064 1682 ed.
1078 1618 1173 1680 llom.

107 1726 148 1790 iu
171 1725 395 1805 conveniunt,
412 1739 449 1788 nt
472 1724 662 1813 paginarum
686 1747 819 1812 qnoque
841 1747 1014 1805 numerus,
1033 1723 1175 1813 exceptis

108 1831 285 1912 indicibus,
308 1831 365 1918 qui
388 1831 422 1894 in
446 1829 523 1894 edit.
547 1829 651 1896 Lond.
675 1831 813 1895 arctiore
830 1830 934 1920 spatio
951 1829 1173 1914 continentur,

108 1937 202 2026 plane
220 1937 262 2001 sit
278 1959 365 2000 nnus
381 1935 543 2024 idemque.
560 1938 598 2000 ln
618 1958 758 2024 quarum
779 1934 962 2000 editionum
978 1935 1131 2000 alterutra
1147 1937 1174 2000 si

105 2045 204 2137 quid,
223 2063 262 2110 ut
278 2043 331 2122 fit,
350 2062 418 2110 erat
437 2046 664 2127 commissum,
682 2047 781 2110 altera
792 2045 917 2126 statim,
933 2044 1054 2133 quippe
1071 2066 1174 2132 quum
1236 2133 1238 2142 Ι

106 2175 173 2218 non
197 2151 312 2216 iisdem
341 2152 376 2213 in
399 2151 477 2216 locis
502 2167 692 2238 peccarent,
717 2174 860 2216 errorem
883 2149 1061 2241 detegebat.
1088 2151 1175 2216 Usus

103 2261 200 2324 etiarn
227 2281 301 2323 sum
322 2257 466 2324 editione
485 2259 677 2341 Parisiensi,
702 2259 795 2340 eujus
818 2259 887 2324 haec
910 2259 1078 2348 inscriptio
1099 2275 1173 2324 est:

103 2369 167 2432 «La
186 2365 379 2454 re'publiqne
397 2363 437 2428 de
453 2364 610 2445 Ciceron,
629 2363 752 2452 d'apres
767 2365 797 2454 le
812 2381 897 2429 texte
912 2363 1032 2445 ine'dit,
1050 2365 1175 2431 re'cem·

104 2489 198 2538 ment
210 2469 385 2536 decouvert
400 2487 433 2535 et
449 2470 634 2534 commenti
645 2493 704 2558 par
714 2471 759 2534 M.
776 2470 858 2552 Mai,
870 2469 1115 2540 bibliothdcsire
1129 2469 1176 2537 du

101 2579 252 2642 Vatican.
271 2577 358 2641 Avec
376 2597 442 2640 une
461 2574 645 2640 traduction
661 2575 835 2663 lranqaise,
850 2599 894 2639 un
912 2574 1059 2640 discours
1076 2575 1173 2665 pre'li·
1268 2625 1277 2634 .

102 2684 242 2749 minaire
258 2698 290 2746 et
307 2681 363 2746 des
377 2681 600 2747 dissertations
617 2681 834 2770 historiques,
849 2703 909 2769 par
919 2682 964 2746 M.
982 2681 1174 2764 Villemain,

103 2788 146 2855 de
171 2786 365 2853 l’Academie
381 2788 554 2878 hanpaise,
570 2788 601 2851 ll
625 2803 747 2869 tornes,
771 2787 876 2870 Paris,
893 2786 1057 2852 Michaud.
1079 2788 1173 2854 1823.

104 2919 191 2960 nxrv.
206 2893 270 2981 395
286 2911 319 2958 et
337 2893 402 2959 386
415 2917 470 2982 pp.
487 2893 559 2957 in·8
572 2925 593 2957 ι.

149 3001 227 3065 Haec
239 2999 339 3065 editio
355 3021 553 3088 quamquam
568 3001 763 3090 plerumque
779 3025 855 3067 cum
871 3001 921 3066 ed.
938 3003 1083 3066 Romana
1097 3023 1175 3066 con·

70 3145 74 3154 ·
105 3108 212 3188 venit,
231 3129 299 3171 non
316 3123 424 3200 tamen
442 3122 590 3172 accurate
610 3131 680 3172 eam
702 3099 822 3187 reddit,
840 3130 945 3195 neque
959 3108 993 3171 in
1012 3105 1172 3172 mutando

104 3214 155 3278 vel
178 3211 362 3278 omittendo
388 3214 569 3278 constantia
599 3213 731 3278 editoris
760 3229 925 3302 apparet:
956 3214 1175 3278 correctiones

105 3333 184 3382 sunt
199 3316 377 3384 admodum
400 3341 526 3406 peueae,
545 3343 587 3383 ne
603 3317 708 3384 dicam
724 3319 835 3402 nnllae,
852 3319 956 3384 versio
970 3335 1077 3382 autem
1096 3319 1173 3385 Gal·

105 3425 165 3488 lice
181 3440 231 3488 est
244 3423 421 3512 ejusmodi,
435 3441 472 3489 nt
489 3425 595 3490 solent
612 3449 681 3492 esse
694 3425 861 3490 Gallorum
872 3425 1053 3506 versiones,
1064 3426 1174 3514 paullo

106 3533 261 3596 nimirum
277 3533 418 3598 liberior.
436 3532 703 3598 Dissertationem
720 3533 907 3598 historicam
924 3547 956 3596 et
972 3531 1175 3598 animadver·
1196 3579 1199 3602 .

107 3638 232 3718 siones,
250 3661 330 3726 quas
347 3639 504 3702 contextis
518 3638 673 3719 subjecit,
686 3661 743 3703 sna
757 3637 853 3702 laude
865 3637 977 3726 dignas
995 3660 1064 3703 esse
1080 3655 1118 3702 ut
1130 3639 1176 3702 fa·

105 3743 167 3806 cile
183 3741 347 3822 concedo,
363 3742 406 3806 ita
424 3758 531 3806 tamen
551 3742 592 3806 ad
607 3759 755 3807 nostrum
770 3743 941 3808 consilium
959 3765 1073 3832 parum
1088 3743 1120 3806 in
1136 3743 1175 3808 iis

106 3849 211 3912 inesse
228 3847 409 3930 adjumenti
426 3848 636 3938 deprehendi.

151 3953 301 4044 Egregios
332 3953 419 4018 haud
449 3977 566 4044 paucas
596 3954 838 4021 emendationes
869 3955 1039 4020 exhibebat
1076 3951 1175 4018 editio

107 4060 285 4125 Heinrichii
308 4061 416 4126 minor
438 4061 505 4125 sive
523 4061 762 4150 compendiaria
777 4061 919 4149 (Ronnae
940 4085 990 4150 ap.
1012 4059 1177 4142 Marcum,

111 4165 194 4231 1823
208 4167 231 4254 )‚
250 4168 344 4248 cnjus
357 4168 487 4234 utinam
506 4167 692 4255 redemptor
707 4167 756 4254 (si
782 4191 839 4256 per
857 4191 932 4233 enm
950 4167 1060 4254 stetit)
1079 4165 1175 4231 fidem
