2874 4898
115 487 617 510 nummu-nnumwumwumm
622 493 1123 526 nummuuummmmsusu
1127 510 1170 526 ,ῃ

162 681 317 770 NO'Vl
348 684 651 800 'EDITORIS
685 691 1117 814 PRAEMONITIO.

518 885 755 912 ...affl—..-

110 1006 239 1138 Quina
258 1063 299 1109 ea
316 1042 439 1109 omnia
456 1061 537 1134 quae
551 1037 621 1109 dici
638 1057 791 1136 possunt
809 1057 887 1114 tum
905 1046 950 1118 de
972 1052 1057 1148 ipsis
1074 1060 1173 1130 Cice·

108 1141 201 1208 ronis
220 1137 321 1206 libris
340 1136 410 1206 hoc
424 1137 608 1207 volumine
625 1137 788 1225 inclusis,
812 1155 890 1219 tum
910 1144 956 1216 de
970 1152 1076 1223 variis
1092 1181 1173 1252 quae

107 1234 146 1304 ad
165 1235 245 1306 illos
264 1235 448 1330 pertinent
466 1237 749 1320 commentariis,
770 1253 805 1307 et
826 1234 872 1310 de
890 1247 1031 1316 auxiliis
1050 1251 1172 1344 cujus-

25 1349 26 1392 l
107 1332 189 1402 libet
210 1333 352 1427 generis
370 1329 505 1426 quibus
530 1331 649 1402 editor
674 1337 726 1402 uti
753 1351 915 1428 poterat,
937 1343 973 1410 in
996 1347 1174 1422 Praelano-

25 1423 26 1434 ’
108 1430 210 1500 nibus
240 1443 277 1500 et
297 1426 636 1499 introductionibus
662 1453 682 1500 a
704 1431 812 1503 nobis
834 1441 981 1510 servatis
1004 1439 1084 1516 suse
1109 1447 1173 1520 do·

108 1542 234 1624 ctequc
256 1525 431 1623 explicata
456 1528 703 1622 reperiantur,
726 1553 792 1600 nos
820 1555 932 1628 pauca
961 1549 1100 1613 tantum
1128 1547 1174 1617 de

108 1639 222 1695 nostra
239 1623 408 1720 peculiari
428 1622 547 1722 opella
565 1624 717 1695 lectores
737 1633 970 1724 praemonitos
985 1639 1173 1714 voluimus.

148 1726 233 1791 Duo
258 1745 370 1817 opera
396 1745 475 1820 quae
506 1723 647 1818 scripsit
668 1723 806 1794 Tullius
832 1727 878 1797 de
909 1733 1106 1829 Republica
1136 1757 1174 1814 et

25 1871 26 1902 ,
109 1816 146 1887 de
166 1816 328 1914 Legibus
348 1843 463 1914 quum
482 1819 527 1888 ad
547 1843 614 1888 nos
632 1843 675 1890 ex
695 1823 853 1918 antiquis
873 1825 1006 1901 chartis
1025 1857 1177 1910 emerse-

107 1918 170 1986 n'nt
194 1916 361 2013 plurimis
382 1916 468 1986 locis
489 1915 669 2004 mutilata,
694 1931 804 2015 atque
833 1934 906 1992 tam
932 1930 1104 2004 varietate
1125 1936 1176 2006 le-

105 2017 262 2084 ctionum
287 2037 395 2109 quam
417 2014 623 2084 lacunarum
650 2015 850 2088 calamitate
868 2022 1005 2110 vitiata,
1025 2051 1174 2125 praeser-

104 2113 239 2208 timque
263 2109 343 2180 libri
371 2109 416 2180 de
440 2109 638 2206 Republica
665 2137 741 2183 non
767 2116 837 2186 nisi
864 2115 1074 2217 fragmentis
1100 2128 1174 2206 lere

103 2209 198 2279 nullo
219 2210 316 2278 inter
329 2231 367 2278 se
380 2209 527 2280 vinculo
545 2209 831 2294 coherentibus,
847 2230 883 2286 et
897 2224 1000 2313 quasi
1013 2226 1172 2302 collectis

25 2351 26 2368 i
103 2329 119 2372 e
140 2303 329 2401 naufragio
349 2305 482 2377 tabulis
499 2321 684 2394 constent,
709 2307 800 2381 adeo
819 2326 863 2382 nt
878 2338 1079 2414 numquam
1098 2339 1170 2398 tam

101 2406 220 2500 opima
232 2402 351 2500 praeda
362 2407 1042 2506 commentatorum'investigationibus
1049 2443 1093 2504 ‚ac
1103 2424 1171 2496 dis-

100 2499 365 2597 reptationibus
383 2500 503 2572 oblata
521 2499 837 2598 fuerit„ason'·‚sseri
857 2503 1089 2610 'politic'ippin
1117 2523 1170 2592 in.

98 2600 193 2692 genti
207 2601 554 2670 commentariorum
564 2586 659 2671 mole'
670 2600 922 2708 obrueiemnr.
935 2609 1169 2714 Quapropter

99 2695 220 2780 nobis,
235 2719 276 2767 ea
288 2719 397 2792 quam
414 2695 870 2798 emendatissimeedeiisiri
884 2703 1001 2800 locem
1017 2715 1166 2810 cupien.

99 2791 209 2880 tibus,
240 2817 385 2864 necesse
411 2789 481 2863 fuit
507 2795 629 2891 paullo
662 2791 1026 2906 longirisle'rcnr'rete
1054 2835 1162 2906 quam

99 2887 275 2978 libuisset,
291 2913 333 2962 ac
354 2895 535 2990 praecipua
553 2892 686 2972 saltem}
699 2891 1163 2991 vadorum'com'mentato.

99 3011 174 3057 mm
195 2987 276 3059 loca
299 2986 460 3085 proferre
477 2990 576 3060 unde
598 2989 681 3061 libri
705 2979 903 3080 Ciceronis,
933 3003 1042 3073 tantis
1064 3019 1162 3078 tene·

97 3081 166 3155 bris
195 3086 370 3170 involuti,
398 3109 440 3156 ea
468 3086 547 3158 luce
576 3109 647 3183 qua
674 3104 860 3185 poterant,
884 3094 1160 3177 illustrarentur.

25 3195 26 3226 l
97 3185 182 3252 Nam
201 3207 316 3280 quum
336 3199 398 3254 aut
418 3181 463 3254 de
482 3184 617 3255 mutilis
640 3185 823 3259 vocabulis
844 3191 882 3259 in
907 3191 1085 3290 integrum
1108 3227 1162 3274 re-

96 3279 300 3368 stituendis,
319 3295 381 3350 aut
400 3279 446 3351 de
464 3284 583 3379 pravis
601 3283 818 3357 lectionibus
834 3290 1085 3385 emendandis,
1100 3318 1163 3373 aut

97 3373 315 3466 dolaenus,
337 3403 405 3449 nec
427 3379 670 3451 mediocribus
687 3381 851 3478 quidem,
877 3389 1067 3486 explendis
1085 3395 1161 3470 fere

96 3495 235 3572 semper
255 3489 392 3572 agatur,
411 3499 452 3548 ac
469 3493 660 3574 propterea
678 3480 867 3553 latissimus
887 3509 1035 3585 campus
1052 3498 1160 3568 variis

96 3572 329 3666 opinionibus
342 3588 477 3671 pateat,
496 3599 652 3672 quarum
667 3577 803 3662 multae,
818 3579 901 3651 licet
914 3583 1158 3680 adversantes,

95 3689 192 3764 aque
208 3685 330 3742 tamen
347 3667 492 3742 delendi
509 3689 663 3770 possunt
679 3689 716 3744 et
730 3675 889 3766 admitti;
903 3682 1020 3754 nullas
1035 3711 1159 3761 earnm

93 3787 170 3858 quae
193 3771 324 3838 rationi
348 3784 598 3841 consentaneae
620 3770 790 3844 videntur
817 3776 1007 3874 neglectui·
1023 3783 1158 3860 habere

95 3865 293 3955 potuimus,
316 3891 358 3937 ac
381 3869 502 3936 omnia
527 3867 687 3965 praebere
710 3869 903 3945 debuimus
921 3876 1055 3972 quibus
1073 3882 1159 3956 licet

96 3960 144 4028 uti
161 3961 414 4034 medicamina:
430 3969 593 4061 quamvis
607 3970 703 4037 enim
719 3991 760 4040 ea
774 3970 1062 4064 indicaverimus,
1077 4005 1158 4076 qua

97 4055 196 4128 nobis
211 4059 378 4131 videntur
392 4063 513 4158 potius
529 4061 752 4153 adhibenda,
768 4093 881 4164 quum
898 4085 1017 4142 tamen
1031 4082 1162 4174 optimi
1180 4119 1181 4124 κ

94 4159 281 4251 scriptores
303 4157 349 4230 de
378 4161 420 4228 iis
448 4175 588 4233 certent
611 4161 745 4252 adbuc,
767 4191 887 4261 neque
914 4170 937 4236 ii
960 4169 1071 4242 simus
1093 4182 1159 4272 qui

165 4267 207 4336 V,
226 4284 270 4329 cte.
280 4299 334 4346 pars
346 4286 417 4332 tertia.
1016 4307 1040 4352 a
