2874 4898
255 363 300 434 36
619 367 811 434 INGELI
839 367 952 436 ΜΑΙΙ

250 487 335 574 siqui
350 487 484 549 fuerunt
499 483 568 565 alii,
581 483 623 548 de
641 486 701 550 bac
714 509 749 548 re
765 509 930 566 rumores,
947 487 1027 552 mihi
1040 487 1190 572 ridentur
1203 515 1318 562 eorum

249 593 383 672 similes,
396 590 504 679 quide
516 590 653 680 Ulphilae
667 591 882 657 Gothieorum
900 593 1095 675 bibliorum,
1112 615 1227 684 praeter
1239 600 1319 666 illud

247 699 403 778 Suecum,
424 719 510 761 novo
531 695 698 762 volumine
721 699 830 762 multis
849 699 928 764 locis
951 723 988 764 ac
1008 703 1210 788 temporibus
1229 710 1318 792 viso,

247 803 467 892 nequidquam
492 825 529 866 ac
550 802 685 868 fortasse
709 820 829 868 temere
853 803 1050 869 disseminati
1069 825 1162 890 sunt;
1180 825 1212 873 et
1234 835 1319 898 quos

244 933 305 998 ego
314 911 383 996 ipse
392 910 551 992 recensui,
563 933 667 998 quum
676 909 814 999 Ulpbilae
827 927 933 998 partes
948 913 1129 1001 incognitas
1142 914 1320 1006 Mediolani

242 1017 384 1104 denique
403 1017 550 1081 iuventas
577 1018 745 1100 nunciavi,
765 1041 943 1106 earumque
962 1020 1127 1106 specimen
1145 1044 1220 1086 cum
1243 1047 1318 1090 meo
1347 1013 1353 1028 '

172 1108 176 1116 ¹
241 1123 330 1186 socio
349 1122 566 1186 literatissimo
586 1122 682 1186 edidi.

239 1277 327 1342 VIII.
356 1275 568 1362 Quaralonam
583 1275 807 1366 palimpsestas
827 1279 867 1342 de
879 1279 1048 1366 Republica
1069 1284 1102 1343 ia
1123 1283 1315 1348 Vaticanum

591 1381 810 1450 bibliothecam
830 1389 956 1449 uenerit.

280 1533 445 1598 Enarratis
464 1534 547 1596 circa
570 1555 660 1620 spem
680 1531 868 1621 reperiundi
888 1535 1030 1599 Tulliani
1047 1527 1088 1599 ‹Ie
1105 1539 1184 1626 Rep.
1205 1541 1313 1628 operis

236 1640 327 1702 vanis
345 1639 552 1720 rumoribus,
571 1639 720 1725 sequitur
735 1655 774 1702 ut
788 1639 829 1702 de
850 1657 963 1704 nostro
982 1641 1116 1705 invento
1133 1641 1311 1710 dicendum

235 1767 305 1810 esse
312 1743 467 1808 videatur.
477 1746 507 1807 Is
520 1758 568 1806 est
581 1741 684 1808 codex
691 1744 793 1807 Vatic.
803 1745 1031 1808 membraneus
1045 1746 1078 1808 in
1091 1748 1113 1810 f.
1122 1771 1313 1832 vnucatvu,

234 1847 376 1913 secunda
390 1848 548 1936 scriptura
568 1848 739 1938 Augustini
756 1851 1028 1913 commentarium
1045 1873 1102 1914 seu
1122 1853 1226 1917 varios
1243 1872 1312 1920 tra·

160 1937 167 1950 ’
234 1972 338 2019 (tatus
358 1955 391 2018 iu
413 1953 554 2042 psalmos
570 1953 762 2033 continens,
783 1954 892 2041 priore
910 1972 1018 2020 autem
1039 1956 1198 2021 librorum
1214 1959 1314 2024 Tullii

233 2061 441 2150 politicorum
468 2039 618 2146 reliquias
640 2079 647 2122 :
669 2080 767 2145 quem
787 2058 933 2124 codicem
956 2062 989 2126 in
1007 2060 1130 2151 oppido
1154 2063 1311 2154 Ligurum

235 2168 338 2232 Bobio
350 2167 508 2231 exstitisse
524 2164 620 2243 oIIm,
638 2163 734 2230 docet
748 2165 817 2245 ejus
833 2166 1002 2256 inscriptio
1019 2199 1032 2223 a
1047 2169 1130 2232 liber
1145 2171 1171 2233 ε’.
1182 2172 1315 2238 Colum·

235 2275 311 2336 baoi
326 2272 367 2336 de
381 2271 522 2352 bobio»,
541 2293 613 2356 quae
631 2271 729 2333 verba
747 2287 855 2335 vetere
870 2271 1049 2337 admodum
1066 2297 1167 2338 manu
1184 2295 1312 2344 exarata

235 2381 363 2444 suntin
388 2380 514 2444 cunctis
538 2377 604 2442 lere
626 2378 841 2443 Bobiensibus
859 2379 1046 2463 codicibus,
1075 2405 1217 2471 quorum
1236 2407 1311 2474 pars

236 2487 374 2550 maxima
386 2485 421 2549 in
435 2484 858 2576 bibliothecalAmbrosiaua
869 2483 1046 2550 Mediolani
1061 2511 1151 2552 nuuc
1164 2506 1223 2572 est,
1235 2515 1311 2580 pars

236 2594 296 2658 alia
322 2594 354 2656 iu
378 2592 465 2680 regia
481 2589 674 2655 Taurinensi
698 2590 915 2674 bibliotheca3
932 2593 1068 2682 exiguus
1085 2593 1227 2685 denique
1245 2621 1309 2664 nu·

238 2724 348 2768 merus
380 2702 414 2764 iu
433 2700 737 2787 VatIcauis·pluteis
762 2717 918 2766 servatur.
941 2702 1116 2768 Praedicata
1140 2705 1310 2796 inscriptio

236 2808 366 2874 videtur
377 2807 484 2871 saeculi
499 2805 567 2869 lere
580 2804 714 2886 decimi,
729 2827 796 2893 quo
813 2807 968 2872 nimirum
980 2825 1128 2898 tempore
1141 2812 1310 2878 conlectus

237 2916 381 2981 creditur
400 2913 454 2978 ille
474 2911 641 2976 Bobiensis
659 2911 862 2976 bibliothecae
883 2914 1063 3003 catalogus,
1086 2937 1184 3004 quem
1202 2917 1309 2984 Mura-

236 3022 339 3088 torius
365 3019 507 3110 vulgavit
525 3017 599 3107 ’(ι).
630 3018 737 3106 Atque
767 3017 821 3082 hie
853 3041 928 3083 cum
960 3023 1071 3110 paucis
1106 3023 1174 3087 aliis
1204 3023 1308 3090 codex

237 3151 382 3218 quonam
406 3143 553 3214 tempore
579 3124 679 3188 bobio
703 3126 840 3189 Romam
861 3125 1062 3215 migraverit,
1085 3129 1199 3194 merito
1217 3153 1308 3220 quas·

237 3233 377 3300 rendum
399 3247 459 3296 est.
483 3231 633 3319 Namque
655 3231 688 3293 in
705 3231 818 3319 primis
834 3233 976 3321 Rapbael
992 3234 1219 3300 Volaterranus
1242 3239 1307 3302 Bo·

236 3341 365 3406 bienses
381 3336 504 3424 aliquot
519 3333 646 3399 codices
664 3335 781 3399 seculo
796 3336 856 3399 XV
869 3353 1008 3402 exeunte
1021 3339 1157 3404 Romam
1170 3343 1308 3427 transla-

235 3466 285 3536 tos
303 3460 411 3509 narrat
435 3441 490 3530 (a).
510 3441 535 3506 li
556 3440 682 3506 codices
703 3464 808 3529 quum
827 3465 844 3505 a
861 3444 988 3507 Thoma
1008 3443 1146 3509 Phaedro
1165 3447 1305 3514 Romam

237 3551 332 3617 delati
349 3551 432 3630 siut,
449 3548 505 3637 qui
525 3547 685 3612 Vaticauoe
703 3547 907 3613 bibliothecae
928 3572 1045 3638 praeses
1064 3551 1127 3615 fuit
1143 3569 1176 3616 et
1193 3556 1306 3642 ponti-

237 3659 381 3724 liciarum
410 3656 575 3720 literarum
608 3655 758 3743 scriptor,
793 3655 911 3720 merito
942 3654 1094 3722 videntur
1126 3659 1160 3721 iu
1191 3659 1305 3727 eadem

169 3755 172 3764 ’
237 3765 335 3830 hilsse
346 3761 509 3843 collocati3
522 3783 719 3848 quamquam
738 3761 782 3824 ibi
799 3760 971 3850 plerosque
988 3761 1078 3828 haud
1095 3780 1218 3830 exstare
1228 3769 1305 3832 satis

236 3872 320 3952 scio,
334 3869 409 3957 quia
430 3865 519 3931 clade
539 3866 674 3930 fortasse
690 3865 869 3931 Borbouica
887 3868 949 3932 sub
967 3867 1136 3934 Clemente
1148 3871 1209 3936 VII
1230 3894 1305 3936 cor·

268 4007 277 4099 Ι(
284 4039 308 4104 ι)
321 4001 410 4100 susq:
418 4035 473 4084 Ital.
483 4033 548 4084 mad.
559 4035 619 4092 nvi,
634 4045 697 4083 tous.
709 4035 762 4096 111,
777 4051 803 4100 p.
819 4035 867 4086 tit
877 4071 885 4100 ,
895 4037 991 4086 dissert.
1005 4040 1046 4094 43.

267 4127 306 4194 (a)
324 4116 464 4191 Gcograph.
477 4123 520 4173 nh,
532 4125 567 4172 1v
571 4157 580 4184 ,
594 4123 639 4172 sub
654 4121 737 4172 finem.
