2874 4898
505 453 779 524 rnersrro.
867 457 870 466 ’
1134 485 1173 558 17

108 591 139 639 et
158 597 219 664 pro
237 573 375 654 Messio,
395 595 454 661 pro
480 575 605 658 Druso,
627 597 687 664 pro
706 577 854 660 Vatinio,
874 599 935 666 pro
958 578 1097 664 Scauro,
1116 605 1177 671 pro

110 680 257 760 Plancio,
283 701 344 768 pro
372 677 531 760 Gabinio,
554 701 615 767 pro
633 681 766 746 Rabirio
791 683 967 765 Postumo,
992 701 1026 750 et
1042 686 1179 754 fortasse

107 787 200 850 mam
215 809 276 874 pro
289 786 389 850 Coelio
406 785 452 872 (r)
472 807 480 850 τ
498 803 612 875 praeter
628 809 727 875 quam
739 787 830 876 quod
843 788 1063 856 laudationem
1082 795 1178 859 fune-

107 892 197 956 brem
216 891 345 956 Serrani
361 891 537 954 Domestici
557 889 612 964 filii
630 892 786 980 scripsit(
808 893 834 981 ).

106 1049 146 1110 11.
166 1047 286 1134 Scopus
307 1043 435 1132 dialogi
449 1043 489 1106 de
507 1005 584 1132 liep.
603 1057 700 1134 atquc
716 1057 796 1110 aetas
812 1069 876 1136 qua
895 1047 1180 1140 hubitusfingt'tur.

148 1197 360 1285 Propositum
374 1211 484 1258 autern
503 1194 642 1258 Tulliani
660 1196 768 1283 operis
784 1194 869 1260 idem
889 1195 957 1262 fere
976 1199 1075 1266 fuisse
1090 1201 1181 1268 vide-

105 1321 170 1386 tur,
188 1299 279 1390 quod
295 1299 356 1364 sibi
378 1299 533 1388 Polybius
555 1298 733 1364 scribendae
751 1301 894 1366 historiae
913 1305 1042 1386 statuit,
1062 1331 1180 1398 nempe

106 1426 143 1474 ut
160 1406 311 1486 doceret,
325 1427 392 1494 quo
406 1404 525 1494 politiae
537 1427 674 1493 genere,
689 1407 810 1494 quibus
823 1407 965 1491 viribus,
979 1411 1099 1500 quibus
1113 1437 1184 1480 mo·

107 1513 196 1578 ribus
214 1499 357 1600 populus
368 1532 523 1574 romanus
537 1511 710 1600 imperium
720 1512 808 1575 orbis
823 1513 1018 1580 obtinuisset
1029 1516 1075 1605 (3)
1090 1533 1180 1586 :tum

106 1619 183 1708 quia
201 1617 329 1681 Tullius
348 1617 382 1678 in
396 1616 507 1678 ¹vitiata
519 1615 585 1694 jam
605 1632 752 1703 tempora
771 1617 946 1701 inciderat,
963 1643 1004 1685 eo
1018 1625 1181 1713 praecipue

107 1747 225 1790 nervos
257 1723 415 1816 intendit,
442 1738 480 1785 ut
508 1723 605 1810 prisci
636 1725 735 1786 moris
760 1727 963 1792 severitatem
991 1730 1181 1813 reduceret,

108 1850 205 1920 atque
222 1844 466 1895 evanescentem
485 1845 645 1892 vetustate
663 1852 765 1918 remp.
785 1848 956 1895 renovaret
974 1831 1031 1921 (4).
1049 1837 1091 1900 Et
1107 1839 1182 1926 qui·

107 1937 182 2002 dem
200 1935 242 2000 de
262 1933 370 1998 Divin.
388 1933 437 2016 ll,
455 1956 491 2015 a,
510 1955 613 2020 quum
630 1933 740 2020 paullo
758 1948 832 1999 ante
851 1959 935 2023 opus
958 1961 1055 2003 suum
1073 1943 1182 2030 politi·

107 2067 183 2107 cum
203 2039 463 2120 memoravisset,
479 2039 523 2102 ait
542 2055 678 2104 auctor:
694 2040 809 2128 ·quod
827 2065 947 2107 munus
966 2045 1046 2133 reip.
1065 2047 1190 2114 afferre*

108 2150 213 2231 majus
238 2147 393 2212 meliusve
411 2168 601 2233 possumus,
623 2169 721 2234 quam
739 2147 766 2210 si
783 2147 939 2212 docemus
955 2167 1053 2238 atque
1070 2154 1182 2219 erudi·
1216 2191 1223 2205 ·

107 2279 181 2321 mus
195 2250 428 2335 juventutem?
442 2250 493 2314 his
504 2252 680 2338 praesertim
696 2253 897 2340 temporibus
911 2271 1009 2343 atque
1019 2259 1182 2346 moribus,

106 2355 228 2452 quibus
245 2361 289 2423 ita
310 2358 459 2448 prolapsa
481 2373 545 2437 est,
569 2373 607 2421 ut
628 2358 778 2420 omnium
795 2359 912 2447 opibus
935 2363 1126 2428 refrenanda
1143 2390 1181 2432 ac

106 2465 287 2534 coercenda
311 2466 353 2528 sit
361 2495 384 2528 ι.
403 2468 511 2550 Atque
527 2461 680 2526 eumdem
703 2463 763 2526 sibi
781 2487 917 2552 scopum
936 2467 1040 2532 Varro
1057 2494 1180 2560 propo·

106 2575 188 2656 suit,
216 2594 320 2660 quum
346 2569 446 2632 libros
472 2567 599 2656 scripsit
624 2566 664 2633 de
691 2569 756 2632 vita
786 2571 898 2658 populi
924 2575 1063 2641 romani.
1093 2577 1181 2667 Ergo

106 2679 284 2768 Polybium
307 2675 468 2764 praecipue
485 2689 632 2763 spectans
651 2674 764 2739 Cicero
781 2674 925 2765 dialogos
943 2699 1019 2743 suos
1042 2678 1083 2744 de
1099 2683 1178 2771 Rep.

109 2787 143 2848 in
159 2782 320 2872 Scipionis
334 2779 500 2846 AEmiliani
514 2796 546 2843 et
563 2801 735 2867 personam
752 2796 784 2844 et
801 2795 924 2844 aetatem
939 2784 1080 2848 contulit
1093 2808 1100 2850 :
1113 2805 1182 2852 erat

93 2889 96 2898 ¹
109 2893 196 2956 euim
209 2889 316 2978 Scipio
328 2897 458 2968 πρόσωπον
469 2896 580 2968 estnec,
593 2885 671 2973 reip:
690 2885 840 2975 princeps
859 2887 917 2966 vir,
930 2903 977 2969 et,
991 2905 1028 2952 ut
1040 2889 1180 2957 Velleius

110 2997 257 3086 loquitur
282 2991 349 3082 (5),
375 2989 651 3056 eminentissimus
672 2990 779 3054 saeculi
801 2991 869 3072 sui3
892 2991 943 3056 illa
970 3010 1078 3060 autem
1104 3013 1180 3061 aetas

110 3102 236 3169 romani
266 3099 408 3164 nominis
435 3095 667 3172 illustrissima,
695 3112 732 3160 ut
762 3118 844 3184 saepe
874 3115 980 3162 serrat
1007 3100 1180 3188 Polybius,

110 3205 257 3270 moribus
283 3198 432 3266 nondum
459 3200 638 3288 corruptis,
664 3197 801 3262 maxima
824 3197 924 3286 gloria
944 3200 1179 3268 victoriarum:

111 3309 235 3374 sublata
252 3307 339 3371 enim
357 3304 552 3394 Cartbagine
568 3325 640 3392 quae
655 3303 712 3367 diu
731 3303 846 3367 aemula
861 3303 987 3392 imperii
1008 3306 1088 3389 fuit,
1110 3331 1180 3376 ma·

112 3438 173 3478 nus
189 3436 263 3479 suas
281 3415 384 3476 Roma
402 3411 436 3474 in
453 3426 559 3476 totum
575 3409 689 3474 orbem
706 3425 789 3473 terra
803 3411 949 3499 marique
967 3414 1109 3500 porrexit
1121 3415 1178 3504 (6)

111 3521 187 3584 Fuit
202 3521 289 3584 enim
305 3517 361 3582 illo
371 3540 438 3600 evo
457 3516 643 3604 triumphus
655 3514 885 3580 Macedonicus
901 3515 942 3581 de
953 3517 1089 3604 Perseo,
1104 3521 1178 3608 llly-

147 3663 184 3728 (ι)
203 3664 242 3712 Ad
253 3663 397 3724 Fam.1,9‚
410 3658 524 3722 v,e;·d
535 3661 587 3707 Au.
597 3661 643 3720 IV,
661 3658 750 3719 send
760 3660 791 3722 Q.
802 3659 833 3707 l'r.
844 3661 884 3720 11,
897 3659 944 3708 ult.
958 3663 1009 3722 111,
1026 3665 1176 3722 mamm

111 3754 143 3802 de
155 3755 192 3802 lle
204 3755 276 3802 lluat.
289 3753 340 3806 ut,
354 3765 384 3808 a,
395 3747 450 3796 Val.
461 3749 529 3796 Max.
539 3749 584 3809 1v,
596 3762 626 3808 ²3
637 3749 686 3795 Dio
695 3747 762 3796 Cass.
773 3749 903 3806 mlx,
915 3749 958 3795 63.

146 3841 184 3908 (a)
202 3839 243 3889 Ad
256 3841 287 3902 Q.
299 3838 330 3885 sr.
339 3838 390 3895 111,
411 3838 437 3884 8.
447 3835 486 3886 Cf.
498 3835 529 3882 de
538 3837 602 3897 Rep.
613 3837 659 3890 lv,
670 3836 698 3894 8,
708 3845 763 3882 not.

147 3927 186 3994 (3)
203 3927 291 3992 Polyb.
307 3941 412 3991 prooem.
427 3923 471 3972 lib.
483 3925 528 3972 111.

144 4017 184 4084 (4)
202 4015 436 4078 crememur,
457 4013 548 4076 29,V,
563 4027 584 4058 r.

145 4101 185 4168 (ὅ)
204 4103 257 4152 bib.
269 4104 294 4162 1,
313 4117 361 4159 ra,
384 4099 442 4150 edit.
457 4109 522 4148 nost.
532 4115 587 4164 pag.
598 4115 641 4162 ²9.
654 4100 701 4147 liu.

146 4191 186 4260 (6)
205 4193 296 4240 Seneca
306 4190 332 4236 in
343 4189 453 4236 historiis
464 4187 531 4252 apud
540 4186 709 4249 lactantium,
725 4187 785 4234 lust.
793 4189 855 4244 Vll,
871 4187 911 4234 15.

214 4281 254 4348 V,
283 4291 328 4336 cic.
340 4304 397 4352 pere
412 4291 484 4334 tertia.
1038 4299 1056 4341 2
