2874 4898
255 439 301 510 30
615 441 814 512 ANGELI
840 443 964 512 Meu

252 561 383 628 Barthio
402 576 500 649 puto,
524 582 626 650 aquo
646 560 765 628 diserte
780 563 902 628 dicitur
919 563 965 652 (ι)
985 565 1100 630 Petrus
1119 567 1327 632 pictaviensis

254 666 406 731 habuisse
425 665 590 729 Ciceronis
607 665 647 730 de
663 667 743 755 llep.
763 668 863 732 libros
875 670 1029 759 integros.

273 840 346 902 Vll.
369 837 444 926 Spes
461 836 641 902 titeentendi
661 837 815 928 operis'de
828 839 904 930 Rep.
923 863 1020 930 usque
1036 841 1085 904 ad
1099 865 1170 906 soec.
1187 843 1302 908 XVII.
1413 815 1417 821 ι

295 985 489 1049 decentiora
506 1000 654 1072 tempora
670 985 821 1073 ingressis
836 985 904 1051 duo
923 987 1018 1050 nobis
1037 1006 1215 1052 occurrunt
1230 991 1327 1079 graeci

252 1093 418 1172 homines,
442 1090 603 1156 Planudes
630 1107 664 1154 et
688 1092 793 1175 Gaza,
820 1115 964 1180 quorum
981 1093 1070 1158 alter
1095 1095 1214 1159 saeculo
1235 1095 1328 1178 xlv,

251 1200 331 1264 alter
345 1213 515 1286 sequente,
530 1198 702 1262 Somnium
717 1197 878 1287 Scipionis
890 1202 924 1263 in
939 1223 1074 1289 graecam
1088 1199 1233 1290 linguam
1246 1224 1329 1266 con·

252 1322 429 1372 verterunt.
441 1305 524 1367 Cave
534 1319 641 1368 tamen
654 1303 765 1368 credas
777 1327 897 1394 grecos
907 1305 967 1370 hos
977 1305 1168 1394 interpretes
1174 1307 1329 1372 habuisse

251 1411 398 1476 codicem
417 1409 459 1475 de
481 1413 562 1498 liep.
586 1411 761 1499 integrum.
788 1411 947 1500 Scipionis
973 1413 1096 1502 quippe
1118 1413 1291 1478 Somnium
1308 1439 1328 1479 a

250 1517 383 1606 politico
405 1535 542 1606 corpore
559 1517 708 1581 avuhum
725 1519 843 1607 passim
860 1522 1003 1583 occurrit
1023 1520 1057 1582 in
1075 1519 1226 1584 codicum
1244 1543 1327 1609 apo·

162 1661 166 1676 ·
251 1623 370 1703 thecis,
394 1622 741 1710 praeterquamquod
766 1623 798 1685 in
826 1622 985 1687 Macrobii
1009 1645 1142 1711 quoque
1163 1627 1328 1714 exempla·

251 1729 342 1792 ribus
360 1744 474 1792 exstat.
488 1725 659 1793 Affirmare
671 1729 771 1818 igitur
788 1729 878 1812 licet,
895 1746 970 1818 post
985 1728 1219 1795 duodecimum
1237 1749 1328 1796 certe

250 1835 409 1914 steculum¹
427 1837 544 1898 lamam
562 1835 791 1900 tantummodo
813 1835 971 1900 incertam
987 1853 1020 1900 et
1036 1835 1140 1900 levem
1158 1838 1199 1902 de
1214 1839 1327 1927 politi·

249 1963 364 2004 corum
381 1939 540 2004 librorum
552 1940 775 2004 incolumitate
786 1962 844 2004 seu
859 1963 916 2028 spe
933 1941 1098 2006 mansisse.
1108 1943 1328 2008 -Ciceronis

250 2047 291 2112 de
315 2049 393 2136 liep.
423 2048 616 2111 nominatim
647 2046 747 2110 libros
779 2069 855 2110 cum
885 2049 953 2112 eliis
981 2047 1126 2130 ejusdem
1153 2051 1327 2138 operibus,
1431 2107 1432 2114 ,

246 2157 341 2234 j'ussu
368 2154 545 2242 praesertim
572 2152 747 2216 Clementis
779 2151 853 2235 VI,v
869 2177 959 2242 papae
985 2154 1190 2219 literatissimi
1217 2155 1281 2243 (a),
1308 2181 1328 2222 a

250 2258 424 2325 Francisco
450 2256 621 2320 Petrarcha
645 2255 744 2321 fnisse
768 2255 844 2341 diu,
870 2259 996 2342 acriter,
1022 2257 1146 2350 magnis
1170 2259 1327 2349 impensis

249 2365 403 2451 curisque
419 2364 609 2452 vestigatus,
627 2379 743 2427 testem
764 2364 871 2453 ipsum
889 2365 1048 2430 habemus
1069 2367 1175 2430 virum
1196 2369 1327 2432 incom-

251 2468 426 2560 parabilem
442 2469 566 2558 prolixa
580 2467 715 2557 epistola
729 2491 796 2534 sen.
809 2471 883 2552 XV,
897 2493 925 2554 1,
939 2493 1012 2558 quae
1028 2487 1095 2536 tota
1112 2487 1161 2536 est
1181 2471 1222 2536 de
1234 2474 1328 2538 Cice·

251 2575 340 2639 ronis
361 2574 450 2639 libris
468 2572 525 2661 (3).
545 2574 609 2639 Sed
629 2589 737 2638 nmen
758 2576 921 2641 incassum
937 2576 1145 2665 politicorum
1163 2577 1325 2644 librorum

250 2683 349 2746 fnisse
366 2680 632 2771 vestigationem,
646 2703 747 2769 seque
761 2681 802 2746 de
816 2681 853 2746 iis
867 2681 1000 2746 demum
1015 2681 1233 2771 desperavisse
1241 2707 1327 2784 pon·

175 2819 182 2830 ¹
250 2786 358 2851 firmat
377 2786 465 2852 idem
487 2801 519 2851 et
537 2786 570 2850 in
591 2786 742 2875 preedicta
763 2786 898 2876 epistola
915 2805 948 2852 et
966 2787 999 2852 iu
1017 2787 1159 2854 secunda
1180 2788 1222 2854 ad
1237 2791 1326 2856 viros

250 2892 401 2957 illustres.
420 2893 619 2956 Fortunatus
632 2893 754 2981 alioqui
769 2893 871 2957 homo
888 2895 921 2982 ip
939 2893 1142 2959 inveniendis
1157 2895 1326 2973 Ciceronis

250 2999 377 3087 scriptis
400 3016 434 3062 et
456 3021 661 3063 aerumnosus
686 3001 720 3063 in
750 3000 953 3065 amittendis!
980 2999 1131 3089 Namque
1156 3000 1182 3066 is
1205 3003 1326 3092 reperit

248 3105 344 3170 Tullii
361 3105 510 3194 epistolas
523 3103 564 3168 ad
578 3105 734 3187 diversos,
749 3103 901 3195 idemque
917 3107 1024 3170 amisit
1035 3107 1136 3172 libros
1149 3105 1190 3170 de
1201 3107 1323 3174 Gloria.

250 3209 336 3275 Illud
352 3211 465 3290 miror,
483 3210 524 3274 ab
542 3208 675 3274 infinite
694 3212 860 3275 memorie
875 3211 946 3276 viro
961 3213 989 3277 J.
1004 3213 1040 3275 A.
1059 3212 1205 3277 Fabricio
1223 3211 1324 3277 fuisse

251 3317 283 3380 in
301 3317 448 3393 'Varrone
464 3315 847 3405 pretermissum‚'quod
871 3341 988 3408 nempe
1011 3317 1183 3382 Petrarcha
1201 3317 1323 3383 Varro·
1360 3337 1364 3344 ·

251 3423 301 3487 nis
324 3423 424 3488 libros
450 3421 632 3488 divinarum
651 3440 684 3488 et
706 3425 925 3488 humanarum
950 3447 1060 3489 rerum
1085 3447 1168 3514 puer
1190 3427 1323 3514 legerit,

251 3553 350 3619 quam
366 3553 434 3595 rem
454 3531 522 3621 ipse
544 3531 719 3596 Petrarcha
738 3555 805 3596 non
827 3532 897 3596 sine
919 3531 1005 3598 dulci
1024 3532 1124 3596 animi
1142 3554 1239 3598 sensu
1253 3555 1323 3596 me·

251 3655 357 3702 mcrat
380 3637 514 3726 epistola
533 3639 647 3725 quinta
672 3637 714 3701 ad
739 3638 825 3702 viros
846 3639 1004 3718 illustres;
1026 3659 1166 3703 moerens
1191 3637 1323 3726 pariter,

286 3840 325 3908 (s)
343 3840 476 3890 Adversar.
486 3843 590 3890 mu
597 3875 606 3902 ,
620 3841 652 3902 5,
668 3841 710 3890 rt.

285 3929 323 3994 (a)
342 3925 384 3978 ste
397 3945 452 3979 eum
470 3929 576 3996 appellat
593 3931 647 3996 ipse
665 3931 795 3979 Petmreha
808 3931 857 3995 Ep.
875 3931 1016 3991 frosm,
1033 3929 1065 3991 6,
1083 3927 1126 3993 qui
1144 3941 1208 3992 sepe
1225 3941 1251 3974 se
1265 3938 1323 3976 ente

247 4017 357 4081 eiusdem
370 4015 498 4068 Pontificis
511 4018 611 4066 maximi
624 4015 699 4082 pedes
712 4017 786 4065 faiam
796 4017 887 4066 dicitur
895 4019 954 4068 lter.
962 4032 1064 4065 memor.
1074 4017 1113 4075 ll,
1128 4032 1152 4077 1,
1164 4012 1210 4063 flu.

216 4176 219 4184 .
286 4111 324 4172 (3)
342 4113 379 4160 De
399 4107 524 4160 Ciceronis
545 4108 644 4174 scriptis
665 4126 679 4156 ι
703 4107 832 4158 Petrarclu
851 4105 953 4169 jubente
976 4105 1095 4157 Poneflee'
1114 4106 1222 4171 qnaedtit
1236 4105 1324 4170 legesis

248 4199 322 4248 etiam
335 4199 381 4264 ep.
393 4199 449 4250 fam.
458 4199 522 4256 vlt,
539 4205 570 4259 4,
583 4197 649 4246 etad
659 4198 714 4248 Vir.
724 4195 762 4246 ill.
776 4211 787 4248 1
800 4208 824 4247 et
838 4213 861 4246 a.
