2874 4898
252 491 297 538 no
609 463 811 538 ANGELI
836 465 957 534 MAll

249 589 391 656 hominis
408 587 588 652 doctrinam
609 588 865 676 dignitatemque
887 587 1108 650 commendari
1125 587 1268 670 videbat,
1285 605 1319 652 et

247 719 358 762 ansam
376 694 624 758 nanciscebatur
641 693 683 759 de
696 715 831 757 suorum
851 709 1036 788 temporum
1052 693 1198 757 moribus
1217 693 1319 758 disse·

207 865 209 872 .
248 801 361 884 rendi,
378 800 469 888 quod
489 799 559 864 fieri
577 822 644 862 non
665 816 810 889 poterat,
829 800 855 864 si
873 799 1074 886 antiquiores
1091 820 1236 888 personae
1250 799 1319 864 dia·

249 912 359 1000 logum
371 909 522 974 facerent.
532 905 595 970 Sed
607 907 695 971 enirn
709 906 777 970 haec
790 907 925 970 varietas
935 921 1044 969 mente
1053 907 1152 970 semel
1163 923 1321 995 concepta

248 1017 369 1081 ellectu
386 1014 506 1093 caruit3
526 1013 639 1076 maluit
661 1014 749 1076 enim
766 1013 879 1078 Cicero
898 1034 955 1075 sua
976 1028 1122 1100 tempora
1143 1007 1260 1093 vitare,
1279 1035 1321 1076 ne

251 1123 412 1212 quispiam
440 1118 674 1183 offenderetur.
703 1119 814 1200 Quare
841 1139 902 1181 nec
920 1117 1022 1180 Varro
1051 1119 1086 1180 in
1113 1117 1164 1182 his
1186 1117 1321 1207 dialogis

249 1225 373 1294 includi
391 1227 518 1315 potuit,
537 1223 627 1312 quod
648 1247 666 1288 a
690 1224 799 1288 Tullio
817 1224 970 1314 poscebat
994 1225 1135 1302 Atticus,
1160 1225 1221 1288 nisi
1245 1247 1322 1287 eum

251 1338 336 1401 forte
352 1331 461 1421 aliquo
474 1332 507 1394 in
522 1330 680 1419 prooemio
693 1329 868 1417 appellavit
882 1345 1006 1410 auctor,
1020 1328 1110 1416 quod
1128 1328 1204 1393 satis
1216 1329 1322 1393 incer·

251 1459 323 1506 tum
340 1455 398 1503 est.
419 1437 542 1520 Quinta
563 1437 596 1498 in
614 1435 665 1498 his
688 1435 779 1500 libris
803 1433 982 1498 scribendis
1002 1435 1140 1499 mutatio
1163 1434 1226 1498 fuit
1241 1436 1323 1500 ratio

251 1544 494 1637 prooemiorum.
510 1541 661 1628 Namque
670 1538 712 1603 ad
724 1541 885 1623 Atticum,
898 1539 955 1622 IV,
972 1540 1026 1621 16,
1041 1541 1085 1604 ait
1095 1563 1129 1604 so
1141 1541 1174 1604 in
1187 1541 1324 1630 singulis

251 1651 341 1716 libris
356 1649 406 1712 uti
429 1645 602 1736 prooemiis.
629 1647 743 1733 Itaque
760 1644 811 1708 rel
828 1666 964 1725 novem,
981 1645 1032 1707 vel
1049 1643 1236 1710 saltem·sex
1254 1643 1324 1710 lieri

252 1757 438 1822 debuerunt
453 1752 620 1841 prooemia.
642 1751 809 1816 Sedenim
827 1773 930 1840 quum
949 1749 1068 1817 deinde
1085 1751 1180 1816 binos
1200 1753 1233 1816 in
1254 1754 1325 1817 sin·

252 1863 336 1954 gulis
347 1860 463 1927 diebus
475 1857 671 1923 concluserit
679 1857 795 1938 libros,
808 1857 912 1922 tribus
924 1873 1052 1924 tantum
1063 1859 1226 1946 prooemiis
1240 1881 1325 1948 opus

252 1971 330 2051 fult,
346 1983 421 2032 ante
440 1966 583 2055 primum
601 1963 752 2028 videlicet
773 1963 913 2044 librum,
935 1980 1010 2028 ante
1031 1965 1182 2047 tertium,
1200 1981 1232 2028 et
1249 1982 1326 2029 ante

252 2077 420 2166 quintum,
442 2074 519 2161 qnia
541 2071 671 2135 nonnisi
688 2070 831 2159 abrupto
850 2071 978 2160 dialogo
998 2072 1089 2136 locus
1106 2089 1156 2137 est
1178 2072 1325 2160 interpo-

254 2181 353 2248 nendi
363 2179 521 2268 prooemii.
535 2177 649 2265 ltaque
660 2191 693 2240 et
704 2193 769 2240 tres
782 2177 856 2241 libri
869 2176 909 2240 de
923 2177 1075 2266 Legibus,
1089 2177 1244 2265 quoniam
1256 2201 1326 2243 uno

254 2286 307 2351 die
322 2285 512 2362 recitantur,
529 2283 629 2346 unico
646 2283 787 2345 utuntui
800 2281 943 2346 exordio.
961 2283 1044 2346 Sane
1061 2285 1093 2346 in
1112 2283 1272 2348 Vaticanis
1284 2285 1326 2349 de

254 2383 335 2480 liep.
356 2388 553 2453 membranis
570 2386 652 2450 nihil
669 2404 718 2451 est
732 2387 877 2452 medinm
886 2387 972 2452 inter
987 2388 1129 2476 primum
1143 2405 1176 2454 et
1188 2391 1326 2454 alterum

256 2497 394 2576 librum,
412 2510 449 2558 ut
461 2493 636 2558 necessaria
655 2493 736 2556 ratio
753 2492 848 2557 docet
861 2493 1083 2582 quaternionis
1097 2515 1163 2576 xrs,
1176 2496 1233 2583 qui
1243 2495 1328 2560 inte-

257 2625 313 2691 ger
331 2615 477 2690 superest
496 2621 503 2662 :
522 2616 637 2686 praeter
665 2621 763 2686 quam
786 2597 877 2687 quod
898 2597 1020 2662 ibidem
1045 2599 1164 2666 librum
1186 2601 1327 2689 incipere

257 2711 327 2776 sine
343 2707 501 2797 prooemio
516 2705 610 2770 docet
630 2704 683 2768 ille
699 2705 853 2769 solemnis
870 2705 904 2768 in
922 2705 1022 2769 initiis
1041 2703 1185 2772 defectus
1204 2707 1329 2796 aliquot

256 2815 443 2880 verborum.
468 2813 496 2876 E
520 2813 606 2876 tertii
632 2811 706 2876 libri
728 2813 887 2901 prooemio
912 2829 1088 2899 supersunt
1112 2814 1146 2876 in
1171 2815 1327 2879 Vaticano

157 2971 160 2982 ,
257 2921 369 2986 codice
394 2919 518 3009 paginae
540 2931 629 2998 octo,
653 2918 798 3005 itemque
816 2917 1035 3006 fragmentum
1057 2917 1222 3006 quoddam
1240 2919 1329 3008 apud

259 3025 489 3115 Augustinum.
516 3022 632 3104 Quinti
657 3022 731 3086 libri
757 3023 950 3110 prooemium
972 3041 1131 3088 memorat
1154 3023 1241 3088 idem
1264 3028 1330 3090 Au·

259 3133 427 3224 gostinus,
458 3130 593 3218 ejusque
625 3128 768 3194 nobilem
797 3128 987 3217 particulam
1016 3131 1137 3196 recitat.
1171 3131 1329 3198 Prooemia

261 3239 419 3304 librorum
427 3235 571 3324 reliqua,
585 3235 745 3323 siquidem
763 3237 880 3325 scripta
895 3236 1046 3318 inerunt,
1058 3237 1091 3301 in
1106 3260 1146 3302 eo
1161 3238 1329 3310 volumine

261 3345 510 3436 prooemiorum,
521 3364 611 3406 nunc
625 3341 811 3432 deperdito,
826 3343 999 3432 quaerenda
1010 3360 1101 3424 sunt,
1113 3343 1204 3433 quod
1216 3346 1329 3410 Cicero

262 3449 322 3516 sibi
346 3449 545 3529 confecerat,
568 3465 601 3510 et
622 3471 661 3512 ex
680 3471 747 3536 quo
767 3447 884 3538 eligere
908 3448 1046 3530 solebat,
1069 3472 1173 3536 quum
1197 3451 1330 3539 aliquod

262 3569 413 3638 σύγγραμμα
434 3555 626 3619 instituisset
641 3553 688 3641 (ι)
711 3578 719 3618 :
737 3547 991 3618 Demosthenem
1013 3556 1047 3618 in
1064 3555 1128 3619 hoc
1144 3557 1238 3620 etiam
1255 3550 1331 3620 imi·

263 3680 366 3744 tatus,
387 3663 480 3742 cujus
502 3663 604 3739 multo
619 3661 773 3750 prooemia
796 3677 889 3744 sunt;
908 3661 1053 3749 itemque
1068 3661 1330 3751 Theophrastum

264 3785 297 3834 et
322 3769 523 3833 Demetrium
554 3767 745 3831 Phalereum
775 3765 840 3854 (2);
871 3789 1011 3854 quorum
1044 3784 1154 3856 postea
1187 3770 1332 3856 exempla

264 3876 389 3939 Fronto
415 3890 573 3962 sequutus
593 3889 640 3937 est
668 3873 725 3960 (3).
750 3873 899 3961 Denique
923 3889 1032 3937 tantus
1059 3875 1118 3938 luit
1139 3875 1172 3938 in
1194 3875 1333 3964 politicis

299 4029 339 4095 (ι)
356 4029 397 4078 Ad
408 4031 461 4077 Art.
472 4029 548 4084 xvi.
561 4029 587 4076 6.

303 4119 340 4181 (a)
359 4118 437 4165 hort.
445 4117 478 4178 V,
496 4131 510 4162 a
526 4127 551 4163 et
565 4116 589 4164 ⁵.
622 4157 628 4172 ,

304 4207 341 4270 (3)
361 4203 468 4270 Princip.
482 4204 546 4253 llist.
