2874 4898
247 461 290 506 aa
607 430 809 498 ANGELI
835 430 956 498 MAI!

244 579 367 622 annum
381 553 495 644 agebat
509 573 594 616 uxr.
604 551 705 638 Atqui
717 550 777 614 hac
790 547 955 616 oetatedlci
963 563 1090 637 poterat
1099 549 1224 614 Atticus
1237 551 1321 616 ado·

242 658 440 729 lesceutulus
458 676 622 742 :namque
648 654 869 720 adolescentes
894 652 996 718 dictos
1023 653 1121 718 fuisse
1148 655 1318 720 interdum

242 769 299 858 qui
326 767 377 831 vel
399 761 610 853 quadraginta
632 781 736 829 annos
765 762 833 825 nati
857 775 979 840 esseut,
1005 760 1080 824 satis
1112 761 1320 849 exploratum

242 891 292 940 est
317 870 373 962 (1).
397 870 485 958 Ergo
510 867 591 930 nihil
618 865 726 930 obstat
755 866 934 954 quominus
959 866 1075 930 Cicero
1100 866 1135 928 in
1160 866 1320 954 praedicto

155 973 163 984 ’
242 977 387 1044 Vaticani
402 974 521 1040 codicis
538 973 610 1036 loco
628 971 777 1036 videatur
795 972 837 1036 de
856 973 963 1037 Attico
978 972 1089 1060 loqui:
1103 971 1194 1060 quod
1212 973 1238 1036 si
1258 995 1317 1038 ve·

242 1109 316 1152 rum
342 1100 409 1160 est,
436 1080 594 1168 sequitur,
622 1095 659 1142 ut
681 1077 786 1143 eidem
819 1101 901 1168 opus
927 1079 991 1142 hoc
1018 1078 1196 1168 politicum
1218 1080 1318 1144 fuerit

240 1193 444 1282 inscriptum.
461 1188 544 1252 Sane
556 1186 871 1274 universaprooemii
882 1185 963 1250 ratio
978 1183 1019 1250 ad
1030 1208 1202 1274 personam
1215 1187 1316 1251 Attici

240 1303 372 1366 fortasse
389 1293 526 1384 quadrat
545 1314 554 1356 ε
574 1290 689 1354 Cicero
707 1290 794 1353 enim
811 1306 899 1354 totus
918 1289 953 1354 in
972 1313 1011 1354 eo
1027 1305 1091 1372 est,
1110 1307 1147 1354 ut
1162 1313 1228 1354 sum
1242 1293 1317 1356 vitae

240 1408 427 1474 institutum
453 1397 606 1464 ‹let'endat
632 1397 785 1462 adversus
816 1419 887 1481 eos,
910 1421 928 1461 a
953 1397 1074 1485 quibus
1096 1399 1317 1486 reprehende·

241 1515 348 1594 batur,
367 1506 458 1600 quod
472 1506 574 1570 homo
588 1502 705 1567 doctus
718 1520 750 1568 et
765 1503 930 1568 literarum
944 1503 1093 1568 omnium
1107 1504 1317 1592 plenissimus

240 1622 275 1686 in
297 1639 365 1706 rep.
391 1608 646 1682 administranda
671 1624 799 1698 tempus
822 1625 925 1674 terere
952 1607 1136 1692 maluisset,
1160 1633 1258 1698 quam
1279 1633 1318 1674 sc

240 1724 343 1815 quieti
363 1717 509 1794 literaria
529 1715 662 1781 tradere.
684 1717 785 1804 Atqui
805 1716 874 1780 haec
894 1732 962 1780 erat
986 1715 1139 1780 solemnis
1165 1733 1198 1780 et
1218 1717 1316 1782 unica

239 1827 390 1920 Epicurei
413 1823 511 1890 Attici
532 1820 578 1911 (a)
599 1823 634 1886 in
658 1822 799 1886 amicum
824 1821 1015 1885 Ciceronem
1040 1821 1243 1904 criminatio,
1273 1839 1315 1888 ut

240 1936 357 2004 diserte
369 1933 587 2020 comperimus
601 1927 656 2016 (3).
671 1927 820 2009 Accedit,
835 1925 925 2014 quod
937 1927 1059 1992 Atticus
1069 1927 1215 2018 plurimis
1229 1952 1315 2018 saepe

239 2041 390 2109 laudibus
415 2038 516 2102 libros
538 2034 579 2098 de
601 2035 681 2122 Rep.
704 2031 831 2097 ornavit
853 2031 915 2120 (q),
939 2031 1029 2120 quod
1049 2049 1087 2096 ut
1106 2033 1224 2098 faceret
1244 2057 1313 2100 non

239 2149 345 2216 solum
368 2141 500 2210 materia
522 2140 555 2204 in
580 2161 675 2204 causa
696 2138 913 2220 fuit,ve1·un1
936 2139 1032 2203 etiarn
1055 2138 1190 2204 fortasse
1209 2141 1317 2226 laum,¹

241 2281 313 2346 quar
329 2252 370 2318 ad
389 2273 466 2316 eum
487 2247 576 2336 apud
594 2263 708 2311 omncs
730 2262 880 2336 posteros
894 2245 1115 2312 redundatura
1131 2246 1314 2332 videbatur,

240 2364 266 2430 si
293 2381 415 2426 nomen
439 2355 538 2422 Attici
566 2377 643 2418 cum
668 2353 748 2416 tanti
766 2353 880 2444 operis
902 2353 1003 2442 gloria
1026 2339 1112 2418 esset
1141 2354 1310 2422 sociatum.

239 2471 363 2537 Rursus
379 2487 440 2553 pro
461 2461 569 2527 Attico
589 2458 682 2542 lacit,
703 2459 794 2546 quod
814 2459 844 2522 ei
862 2458 1050 2523 inscribitur
1072 2458 1201 2542 Laelius,
1218 2460 1313 2540 cujus

239 2573 346 2664 operis
363 2567 548 2658 complures
565 2581 729 2630 suntcum
743 2565 807 2630 hoc
818 2563 902 2628 civili
919 2563 1149 2654 congruentiae.
1163 2564 1312 2632 lnlirmat

236 2702 315 2747 vero
332 2674 524 2742 sententiam
543 2671 683 2752 severior
701 2671 753 2734 illa
771 2670 804 2734 in
822 2670 918 2758 primi
935 2669 1009 2734 libri
1023 2669 1180 2758 prooernio
1197 2669 1311 2760 dispu-

238 2913 341 2980 quum
368 2888 465 2952 luerit
482 2885 627 2965 Atticus,
650 2905 762 2946 nonne
785 2882 965 2947 inhumane
989 2880 1080 2946 fieret
1102 2882 1136 2946 in
1159 2906 1236 2948 eum
1257 2883 1311 2953 in-

237 2997 358 3072 vectio,
383 2994 436 3058 cui
460 2992 568 3057 honos
594 2989 788 3054 tribuendus
815 2989 887 3054 est?
907 2990 1058 3078 Denique
1078 2989 1105 3054 si
1130 2990 1214 3053 forte
1235 3011 1312 3056 vera

238 3119 315 3168 sunt
332 3099 533 3190 (fabularum
546 3096 633 3161 enim
647 3095 762 3159 similia
773 3093 954 3182 videntur),
969 3117 1040 3184 quar
1052 3093 1159 3186 paullo
1173 3094 1314 3162 inferius.

237 3207 419 3276 eBullartii
436 3206 569 3296 historia
590 3203 784 3284 referemus,
805 3201 908 3266 codex
925 3202 1002 3266 olim
1024 3201 1059 3266 in
1078 3201 1231 3266 Sarmatia
1247 3204 1309 3268 ob·

237 3332 380 3390 servatus
394 3313 494 3377 libros
505 3309 546 3376 de
557 3311 639 3404 llep.
650 3309 784 3374 testatus
795 3308 949 3374 estlirisse
957 3306 999 3371 ad
1005 3307 1149 3374 Atticum
1159 3308 1308 3397 scriptos.

272 3477 312 3544 (r)
330 3474 432 3524 Forcsll.
447 3489 505 3522 roe.
520 3471 670 3520 adolescens.
687 3469 842 3534 Populea-iter
858 3479 939 3517 antem
957 3469 1067 3532 loquitur
1082 3469 1237 3533 Augustinus
1252 3469 1307 3518 Civ.

236 3567 297 3627 net,
315 3563 551 3627 xn1,15,quum
569 3561 605 3609 ait
619 3561 773 3620 iuventutem
791 3575 823 3606 ex
837 3557 956 3607 sententia
972 3556 1104 3606 doctorum
1123 3558 1187 3606 circa
1205 3557 1310 3622 sigim

235 3669 315 3704 annos
326 3650 433 3702 deliniri.

269 3745 307 3808 (a)
324 3741 436 3790 Atticum
449 3740 522 3788 luisse
532 3739 680 3803 Epicureum
695 3745 764 3801 patet
776 3752 808 3784 ex
820 3738 873 3786 Cic.
887 3736 917 3784 ds
928 3739 1000 3800 lagg.
1012 3738 1038 3795 1,
1049 3751 1073 3797 ¹7,
1085 3743 1110 3788 et
1123 3749 1154 3786 s:
1165 3733 1265 3784 lisseol.
1275 3738 1306 3796 1,

233 3835 264 3896 6,
276 3833 339 3880 lacu
356 3829 537 3893 comparatione
550 3843 606 3874 com
621 3824 741 3874 meandi
757 3825 814 3873 loco
828 3825 890 3874 Inst.
902 3825 962 3884 vn,
975 3839 1000 3884 7.
1013 3821 1081 3870 Idem
1098 3833 1177 3870 tameo
1192 3823 1307 3888 Aeuom,

231 3921 342 3988 quamvis
356 3936 370 3967 ι
384 3935 436 3983 rep.
446 3915 551 3982 gerenda
563 3915 721 3978 abhorreret,
738 3913 898 3962 nihilomiuus
909 3913 941 3985 ad
952 3915 1006 3962 An.
1019 3913 1064 3974 IV,
1079 3913 1096 3959 6
1110 3911 1202 3960 dicitur
1212 3923 1304 3960 natura

232 4005 359 4063 πολιτικός.
371 4005 422 4071 [od
436 4005 518 4053 locum
532 4001 563 4052 de
573 4005 647 4066 legg.
657 4001 707 4051 vid.
721 4001 761 4050 sd.
773 4009 852 4048 nostr.
861 4017 890 4066 p.
902 4001 945 4060 ⁵³,
955 4001 1002 4062 54,
1016 4010 1042 4047 st
1052 3999 1101 4056 sm
1115 4015 1153 4064 sq.
1165 3999 1235 4062 Mol

266 4095 305 4160 (3)
324 4095 365 4145 Ad
379 4097 436 4143 Art.
451 4095 479 4148 1.
492 4107 532 4152 ις.

266 4179 785 4252 (a)AdAtt.v‚1s·,v1‚1,2,t;vt1,
804 4179 872 4240 a,3.
